2060 3345
459 373 500 409 34
830 372 1035 405 RICHARDI
1063 372 1189 403 SCOTI
1216 371 1484 405 CHRONICON.
1748 367 1849 414 [1334

456 455 738 518 exploraret,
760 453 885 499 suita
904 451 1106 515 quodam
1123 451 1357 499 balistario
1376 451 1441 498 sic
1459 465 1709 514 percussus
1727 449 1852 513 quod

455 531 538 578 nisi
575 547 660 594 per
694 527 935 576 dimidium
974 527 1097 574 diem
1143 535 1304 591 postea
1338 527 1620 591 supervixit,
1663 532 1709 573 et
1746 526 1853 588 quia

453 607 673 654 heredem
717 605 776 652 de
810 620 1010 667 corpore
1046 605 1241 668 proprio
1276 622 1370 652 non
1406 603 1622 660 habebat,
1661 603 1852 649 fratrem

453 700 590 732 suum
609 682 831 731 heredem
850 681 1055 744 reliquit.

963 795 1004 839 M
1024 793 1125 840 CCC
1142 795 1340 842 XXXIV.

517 895 642 940 80-0.
671 920 735 928 —
760 894 893 940 Anno
919 892 1101 940 Domini
1120 891 1172 939 M⁰
1188 891 1294 941 CCG⁰
1310 890 1513 947 XXX11110,
1536 891 1597 937 illi
1616 890 1674 938 de
1701 894 1855 938 Bono-

451 970 525 1017 nia
547 975 708 1016 contra
734 969 939 1033 legatum
955 986 980 1015 a
998 969 1190 1016 domino
1216 986 1337 1031 papa
1363 967 1556 1015 missum
1577 967 1635 1014 ad
1657 967 1854 1015 submit-

450 1045 615 1092 tendos
649 1045 930 1093 Guibellinos
966 1045 1334 1102 rebellaverunt,
1372 1045 1643 1107 ipsumque,
1687 1060 1854 1107 magna

451 1122 583 1185 copia
601 1122 659 1170 de
680 1122 775 1169 suis
795 1120 1062 1168 hominibus
1079 1120 1336 1177 interfecta,
1358 1126 1489 1167 extra
1511 1121 1710 1184 patriam
1725 1120 1854 1183 fuga-

449 1205 634 1246 verunt.
671 1197 915 1256 Quoddam
957 1197 1095 1244 etiam
1137 1201 1341 1244 castrum
1377 1197 1684 1244 fortissimum
1725 1195 1852 1259 quod

449 1275 746 1323 edificaverat
771 1280 903 1322 extra
925 1290 1086 1321 muros
1113 1273 1311 1320 civitatis
1332 1273 1537 1321 funditus
1563 1278 1850 1320 everterunt.

515 1353 565 1398 84
578 1351 647 1397 -ά,
665 1379 730 1387 -
749 1351 860 1398 Orta
877 1355 948 1396 est
969 1348 1162 1395 materia
1179 1364 1344 1412 magna
1367 1365 1535 1412 guerre
1550 1349 1671 1395 inter
1688 1349 1853 1395 ducem

448 1427 701 1475 Brabancie
730 1432 777 1473 et
808 1425 1029 1473 comitem
1064 1424 1278 1471 Flandrie
1305 1441 1393 1487 pro
1425 1425 1706 1487 quibusdam
1732 1424 1856 1471 redi-

448 1503 623 1551 benciis
649 1519 765 1567 quas
796 1502 1044 1566 episcopus
1080 1500 1348 1548 Leodiensis
1381 1501 1565 1549 dicebat
1590 1502 1636 1548 in
1663 1501 1766 1547 villa
1793 1500 1852 1547 de

447 1581 662 1628 Mealines
698 1580 745 1627 in
782 1578 1037 1627 Brabancia
1081 1594 1130 1624 se
1169 1577 1358 1624 habere.
1405 1579 1527 1635 Quas
1565 1576 1855 1625 redibencias

448 1657 686 1721 predictus
719 1672 876 1703 comes
908 1659 1087 1702 emerat
1113 1654 1170 1701 ab
1207 1654 1428 1717 episcopo
1462 1654 1781 1702 fraudulenter
1804 1659 1856 1700 ut

447 1734 570 1780 inter
592 1733 721 1797 ipsos
746 1731 973 1780 dissensio
994 1730 1215 1786 oriretur,
1243 1730 1499 1777 secundum
1517 1730 1645 1792 quod
1665 1729 1854 1793 plurimi

448 1809 735 1857 asserebant.
757 1808 847 1856 Sed
868 1823 974 1854 cum
997 1822 1168 1870 magno
1186 1811 1414 1868 apparatu
1431 1822 1561 1852 arma
1578 1811 1856 1868 pararentur

447 1887 553 1933 hinc
566 1892 611 1933 et
627 1886 753 1938 inde,
776 1901 887 1948 rege
902 1883 1160 1939 Boethmie,
1185 1882 1408 1945 episcopo
1430 1882 1659 1946 predicto,
1685 1882 1855 1929 comite

449 1962 654 2009 Hanonie
670 1968 715 2008 et
734 1962 940 2010 Johanne
969 1960 1111 2006 fratre
1137 1959 1236 2023 ejus
1261 1959 1429 2005 comite
1456 1959 1514 2006 de
1541 1959 1710 2006 Guellis
1735 1959 1858 2006 aliis-

449 2055 540 2102 que
566 2038 746 2103 magnis
775 2037 833 2084 de
861 2036 1128 2084 Alemannia
1155 2036 1427 2098 juvantibus
1457 2042 1639 2099 partem
1673 2036 1854 2083 comitis

449 2115 685 2172 antedicti,
715 2131 825 2179 rege
852 2130 965 2161 vero
991 2115 1213 2169 Navarre,
1235 2113 1404 2159 comite
1423 2113 1687 2169 Alenconis,
1713 2113 1857 2159 fratre

449 2191 574 2256 regis
602 2191 809 2248 Francie,
848 2190 1017 2237 comite
1044 2189 1194 2245 Barri‚
1224 2189 1393 2236 comite
1420 2189 1477 2237 de
1506 2189 1708 2252 Stampis
1737 2189 1858 2236 aliis-

451 2285 541 2331 que
566 2268 827 2316 faventibus
852 2272 1035 2330 partem
1063 2265 1210 2322 ducis,
1240 2266 1576 2313 interveniente
1603 2265 1734 2328 quasi
1768 2282 1857 2329 pro

451 2345 705 2392 mediatore
739 2361 849 2409 rege
875 2343 1081 2400 Francie‚
1111 2343 1301 2390 tandem
1335 2342 1394 2390 ad
1425 2342 1723 2390 concordiam
1748 2348 1855 2389 sunt

451 2421 639 2470 adducti
659 2421 696 2469 1.

518 2498 643 2547 82-3.
668 2527 731 2534 —
750 2497 926 2546 Eodem
952 2514 1091 2553 anno,
1112 2496 1257 2545 David
1275 2496 1333 2543 de
1351 2499 1494 2552 Brux,
1519 2496 1640 2543 filius
1660 2495 1854 2544 Roberti

453 2574 511 2622 de
523 2576 640 2621 Bruz
655 2572 891 2637 quondam
905 2575 1150 2620 Scotorum
1164 2572 1306 2636 regis,
1322 2570 1453 2634 quasi
1468 2570 1695 2617 tredecim
1712 2587 1858 2617 anno-

454 2667 576 2709 rum,
598 2667 689 2698 una
714 2665 821 2697 cum
846 2665 993 2697 uxore
1014 2665 1096 2696 sua
1114 2664 1276 2696 sorore
1302 2647 1425 2710 regis
1445 2647 1624 2711 Anglie,
1654 2648 1852 2695 Scotiam

505 2788 536 2821 1.
560 2785 614 2821 Cf.
655 2786 815 2832 Kervyn
853 2784 898 2820 de
936 2785 1195 2832 Lettenhove‚
1229 2785 1383 2820 Histoire
1421 2784 1463 2818 de
1500 2784 1675 2825 Mandra,
1719 2789 1745 2817 t.
1782 2782 1855 2828 III⁷

457 2854 493 2890 p.
516 2843 688 2880 155-159.
