2060 3345
491 369 534 406 50
869 371 1074 404 RIGIIARDI
1101 370 1227 402 SCOTI
1254 370 1520 404 CHRONIGON.
1785 368 1890 416 [1340

556 450 666 498 428.
695 477 758 486 —
793 449 905 512 Cap.
949 448 1150 498 CLXXX
1178 465 1222 496 α.
1251 478 1314 485 -
1342 450 1566 514 Flamingi
1603 454 1650 497 et
1686 451 1888 498 maxime

488 527 830 582 Gandavenses,
862 525 1028 589 spiritu
1046 525 1309 574 rebellionis
1335 526 1580 590 assumpti,
1601 527 1885 591 cogitabant,

485 603 704 650 instinctu
729 602 885 650 Jacobi
911 602 1159 650 Artevelde
1185 603 1423 659 antedicti,
1452 603 1552 667 regi
1577 604 1756 667 Anglie,
1785 609 1890 650 tan-

485 695 625 741 quam
640 679 739 742 regi
757 678 964 736 Francie,
982 679 1133 726 facere
1147 679 1432 744 homagium,
1451 679 1594 726 fidem
1611 679 1735 743 regis
1749 683 1890 726 Fran-

483 755 551 801 cie
582 755 886 812 dimittentes,
919 755 1061 803 veluti
1097 756 1286 819 pessimi
1322 756 1606 820 proditores.
1637 759 1736 814 Quo
1762 772 1890 804 com-

482 835 644 892 perto,
682 847 784 888 rex,
829 829 910 893 qui
949 847 1100 894 nuper
1138 831 1183 878 in
1219 831 1481 879 Flandriam
1517 830 1643 895 apud
1680 831 1886 878 Sclusam

480 905 749 963 advenerat,
779 907 826 954 in
852 907 1066 971 Angliam
1085 908 1407 955 transfretavit
1432 912 1483 956 ut
1505 925 1531 955 a
1551 908 1647 955 suis
1668 907 1888 972 pecunias

480 988 785 1046 extorqueret
830 989 877 1031 et
923 984 1182 1032 exercitum
1226 984 1480 1033 adduceret
1522 990 1684 1032 contra
1726 1000 1887 1048 regem

478 1059 668 1107 Francie
694 1060 740 1106 in
766 1060 988 1108 auxilium
1013 1061 1380 1125 Flamingorum.

544 1135 655 1184 429.
685 1164 748 1172 —-
771 1140 868 1184 Hoc
893 1137 1060 1184 eodem
1085 1154 1223 1194 anno,
1254 1137 1317 1184 illi
1343 1137 1400 1185 de
1426 1137 1698 1201 episcopatu
1725 1138 1885 1185 Came-

475 1212 655 1259 racensi
675 1219 721 1259 et
744 1212 802 1260 de
820 1213 1064 1262 Tereschia
1082 1214 1216 1261 villas
1243 1214 1468 1277 plurimas
1489 1214 1536 1260 in
1559 1219 1684 1261 terra
1707 1213 1885 1260 domini

475 1288 694 1336 Johannis
722 1289 780 1337 de
807 1290 1013 1337 Hanonia
1033 1291 1412 1338 combusserunt.
1437 1293 1646 1354 Cumque
1668 1307 1727 1338 ex
1747 1296 1884 1354 pacto

474 1362 601 1410 idem
619 1364 837 1413 dominus
862 1366 1094 1414 Johannes
1121 1383 1226 1414 cum
1254 1366 1445 1414 domino
1464 1367 1671 1415 Johanne
1692 1366 1750 1414 de
1771 1371 1885 1417 Ver-

474 1439 602 1497 vin1,
644 1441 857 1504 ipsorum
884 1443 1144 1506 capitaneo,
1184 1459 1242 1490 ex
1278 1448 1412 1506 parte
1447 1443 1572 1507 regis
1607 1442 1798 1490 Francie
1833 1459 1884 1490 se

473 1525 681 1582 gerente,
712 1519 825 1567 feria
850 1517 1010 1584 quinta
1027 1521 1074 1567 in
1093 1536 1204 1567 cena
1228 1520 1411 1567 Domini
1437 1536 1647 1584 pugnare
1668 1519 1880 1575 deberet,

473 1594 531 1641 ad
563 1594 688 1642 diem
721 1613 812 1643 non
849 1598 1113 1660 comparuit
1145 1596 1445 1660 assignatam,
1482 1596 1565 1643 sed
1600 1613 1659 1643 ex
1684 1596 1883 1644 adverso

472 1672 704 1720 maliciose
725 1689 774 1720 se
796 1673 1083 1720 transferens
1102 1673 1162 1720 ad
1188 1673 1344 1720 villam
1362 1689 1453 1737 que
1472 1673 1747 1721 Aubent0n2
1768 1672 1883 1721 dici·

473 1753 566 1805 tur,
596 1749 726 1812 cujus
750 1749 963 1797 homines
990 1750 1048 1797 ad
1074 1750 1248 1797 bellum
1274 1756 1620 1814 processerant,
1645 1749 1882 1814 predatio-

471 1823 607 1871 nibus
633 1840 686 1871 ac
709 1824 922 1873 incendio
949 1824 1228 1872 devastavit.

1040 1970 1081 2014 M
1100 1968 1202 2017 CCC
1219 1969 1310 2014 XL.

539 2098 553 2143 l
570 2097 723 2144 30-b3.
746 2125 807 2132 --
824 2099 957 2145 Anno
975 2097 1158 2144 Domini
1174 2097 1226 2145 ΜΟ
1243 2097 1348 2146 CCG⁰
1361 2104 1458 2156 ΧΠ),
1479 2113 1584 2145 cum
1599 2115 1682 2145 rex
1694 2098 1874 2163 Anglie,

470 2178 519 2220 ut
544 2172 764 2236 pecunias
790 2180 1092 2238 extorqueret
1119 2191 1207 2238 pro
1238 2175 1408 2223 auxilio
1435 2175 1779 2240 Flamingorum
1797 2174 1878 2238 qui

518 2309 551 2344 1.
576 2323 590 2343 «
613 2309 794 2346 Johanne
821 2309 866 2346 de
887 2311 1054 2347 Nemurs
1078 2324 1093 2344 »
1117 2310 1285 2353 (Contin.
1308 2310 1354 2346 de
1384 2310 1605 2347 Guillaume
1635 2310 1682 2347 de
1711 2310 1876 2358 Nangis,

469 2373 495 2403 t.
519 2368 571 2413 II,
593 2380 628 2415 p.
654 2368 752 2413 165);
775 2390 821 2396 —
844 2383 858 2403 «
877 2369 1004 2405 Jehan
1025 2370 1070 2406 de
1092 2370 1260 2407 Vervins
1278 2383 1297 2405 »
1322 2371 1497 2416 (Grandes
1519 2371 1755 2416 Chroniques,
1779 2375 1806 2406 t.
1826 2371 1875 2417 V,

498 2455 505 2463 .
553 2428 571 2462 7
616 2455 624 2462 .

469 2438 492 2474 p
514 2427 549 2522 523.
571 2427 797 2533 {ubentom
821 2485 958 2534 Aisne,
981 2499 1055 2525 arr.
1078 2487 1123 2525 de
1140 2488 1327 2531 Vervins;
1351 2488 1398 2524 cf.
1422 2487 1627 2534 Froissart,
1645 2487 1734 2524 edit.
1756 2487 1875 2534 Luce,

468 2554 505 2590 p.
530 2544 703 2580 198-204.

516 2602 549 2638 3.
573 2603 625 2639 Le
657 2602 938 2640 Continuateur
969 2604 1013 2641 de
1044 2604 1264 2641 Guillaume
1297 2605 1341 2641 de
1374 2604 1522 2652 Nangis
1557 2609 1595 2640 et
1625 2604 1680 2640 les
1714 2606 1876 2642 Grandes

470 2653 693 2706 Clmssom'ques
724 2668 995 2699 commencent
1027 2668 1126 2700 cette
1158 2664 1284 2700 anssec
1304 2674 1373 2711 par
1393 2675 1469 2700 une
1491 2664 1621 2700 severe
1643 2663 1807 2711 critique
1828 2663 1873 2699 de

468 2720 504 2756 la
524 2720 703 2757 conduite
724 2721 789 2758 des
812 2722 887 2757 rois
907 2721 954 2758 de
975 2722 1124 2759 Franco
1139 2728 1176 2759 et
1191 2722 1460 2771 d'Angleterre
1477 2728 1514 2760 et
1532 2734 1601 2770 par
1618 2723 1786 2770 l'expose
1806 2722 1873 2759 des

466 2790 582 2816 maux
601 2791 674 2827 que
695 2780 731 2816 la
751 2791 886 2827 guerre
901 2792 923 2817 a
937 2781 1020 2828 deja
1040 2782 1107 2819 fait
1128 2793 1239 2829 peser
1260 2794 1326 2819 sur
1346 2772 1503 2830 1⁷Eglise
1518 2787 1556 2819 et
1571 2793 1638 2819 sur
1657 2781 1692 2818 le
1714 2783 1866 2829 peuple.

468 2838 568 2874 Rien
588 2840 632 2875 de
653 2841 772 2886 pareil
793 2852 841 2876 ne
863 2852 902 2877 se
923 2846 1057 2878 trouve
1078 2841 1174 2878 dans
1196 2850 1306 2880 notre
1328 2842 1554 2890 chronique.
