2060 3345
406 312 445 346 *16
777 310 979 344 RICHARDI
1008 311 1133 343 SCOTI
1162 310 1426 343 CHRONICON.
1692 305 1796 352 [1329

468 396 517 439 34
536 428 546 439 .
569 420 632 428 —
652 396 699 438 ln
720 391 919 438 crastino
940 389 1100 436 natalis
1121 389 1302 436 Domini
1322 405 1408 453 ego
1437 389 1581 434 frater
1609 386 1798 435 Richar-

402 467 489 514 dus
524 466 645 513 Scoti
680 466 724 511 in
761 464 951 511 ecclesia
984 464 1128 511 sancti
1160 463 1365 527 Dionysii
1405 462 1656 510 monachus
1695 478 1798 510 sum

402 543 610 589 effectus.

467 618 579 678 32-1‘
583 617 617 662 ⁴.
641 643 704 652 —
731 615 862 663 Circa
886 615 1028 662 finem
1058 615 1193 679 hujus
1225 615 1333 662 anni
1370 613 1609 677 Philippus
1641 630 1800 661 comes

401 693 692 741 Ebroicensis
725 692 905 755 positus
932 708 1074 755 super
1100 696 1282 740 scutum
1309 697 1414 738 ante
1440 690 1585 737 altare
1614 690 1659 736 in
1685 690 1800 737 civi-

402 775 493 816 tate
515 768 796 831 Pampilonie
817 785 905 815 una
927 784 1033 815 cum
1052 784 1200 815 uxore
1226 784 1307 815 sua
1326 767 1504 814 ratione
1524 766 1654 830 cujus
1673 782 1802 814 com-

401 845 589 907 petebat
620 844 706 892 sibi
744 860 958 909 regnum,
998 844 1044 891 in
1081 860 1241 908 regem
1277 849 1323 890 et
1352 843 1559 907 reginam
1598 845 1801 889 Navarre

401 921 606 969 unanimi
639 936 866 968 consensu
899 920 1041 967 totius
1073 925 1198 967 terre
1224 935 1475 982 procerum
1501 924 1547 965 et
1577 917 1802 965 nobilium

402 998 641 1045 elevantur
666 1002 711 1044 et
741 996 915 1044 inuncti
941 996 1115 1044 ibidem
1143 1012 1274 1043 more
1308 995 1443 1043 solito
1470 994 1644 1058 pariter
1669 1010 1803 1041 coro-

403 1079 589 1121 nantur.

470 1154 548 1197 33.
578 1178 641 1185 —
675 1153 726 1196 In
766 1149 872 1196 villa
913 1166 1004 1212 que
1039 1148 1206 1197 dicitur
1247 1151 1485 1210 Pompona
1529 1146 1801 1194 Parisiensis

402 1226 613 1291 dyocesis
640 1231 740 1273 erat
766 1225 955 1289 quidam
980 1242 1100 1289 puer
1130 1231 1235 1272 octo
1261 1240 1489 1272 annorum
1523 1223 1592 1270 vel
1620 1223 1803 1270 circiter

402 1303 482 1366 qui
513 1302 755 1350 dicebatur
786 1302 996 1349 infirmos
1038 1302 1137 1349 solo
1172 1300 1318 1348 verbo
1354 1317 1542 1357 curare,
1582 1300 1704 1347 unde
1744 1299 1801 1346 ad

402 1396 510 1427 eum
551 1379 682 1426 multi
725 1378 897 1425 infirmi
934 1395 991 1425 ex
1027 1377 1224 1425 diversis
1260 1377 1472 1440 partibus
1508 1376 1803 1424 confluebant

402 1473 603 1519 quorum
630 1455 819 1519 quidam
846 1454 1143 1512 sanabantur,
1169 1453 1360 1517 quidam
1385 1469 1499 1500 vero
1526 1469 1619 1500 non
1639 1469 1802 1516 quam-

401 1533 472 1580 vis
494 1533 616 1580 nulla
638 1549 718 1580 seu
744 1548 889 1595 parva
910 1536 1033 1578 esset
1052 1531 1098 1577 in
1121 1529 1252 1577 factis
1272 1529 1367 1577 suis
1392 1528 1662 1592 apparentia
1682 1529 1804 1576 veri-

400 1609 523 1656 tatis.
554 1609 599 1656 si
625 1608 728 1671 quis
756 1624 956 1670 namque
982 1606 1248 1654 febricitans
1274 1605 1333 1652 ad
1352 1622 1460 1652 eum
1484 1605 1664 1652 veniret
1691 1621 1804 1668 pre-

400 1685 599 1748 cipiebat
616 1684 657 1731 ei
676 1683 922 1732 comedere
940 1700 1030 1746 que
1049 1687 1180 1729 erant
1198 1681 1429 1728 contraria
1447 1681 1648 1728 sanitati.
1669 1680 1802 1729 Unde

400 1761 745 1825 perpendentes
772 1759 1029 1823 prudentes
1054 1758 1209 1821 ipsum
1233 1773 1339 1805 cum
1365 1756 1594 1804 medicina
1619 1762 1666 1804 et
1685 1757 1805 1803 vati-

401 1838 707 1885 cinationibus
743 1841 1141 1899 contempserunt.
1177 1833 1435 1897 Episcopus
1467 1850 1654 1896 quoque
1680 1834 1805 1880 Pari-

402 1914 565 1962 siensis
594 1914 681 1961 hoc
709 1930 811 1961 esse
838 1911 1215 1975 superstitiosum
1240 1926 1544 1974 cognoscens,
1574 1909 1806 1957 accersitis

402 1991 603 2038 Parisius
636 1996 769 2054 patre
804 1994 850 2036 et
881 1994 1029 2036 matre
1066 1987 1197 2051 pueri
1233 1985 1467 2043 antedicti,
1509 1986 1717 2050 precepit
1750 2003 1806 2033 ne

401 2068 555 2130 ipsum
576 2067 680 2114 talia
701 2065 898 2129 amplius
918 2081 1056 2130 agere
1082 2063 1408 2127 permitterent
1428 2062 1616 2125 suisque
1644 2061 1806 2110 subdi-

402 2143 461 2190 tis
502 2160 559 2190 ne
600 2143 658 2190 ad
696 2143 849 2206 ipsum
891 2141 1166 2189 accederent
1206 2139 1292 2187 sub
1338 2156 1457 2203 pena
1498 2138 1806 2186 anathematis

404 2220 594 2268 interdi.

471 2296 600 2359 34-9.
629 2323 692 2332 -—
719 2295 940 2343 Dominus
966 2294 1234 2343 Guillelmus
1260 2293 1318 2340 de
1347 2292 1589 2341 Meleduno
1626 2291 1804 2339 archie-

406 2374 625 2437 piscopus
652 2372 948 2428 Senonensis‚
984 2371 1057 2417 vir
1081 2370 1266 2417 humilis
1296 2374 1342 2417 et
1377 2369 1594 2424 devotus,
1623 2368 1737 2415 obiit
1762 2374 1808 2415 et

406 2450 449 2496 in
471 2449 674 2512 quodam
694 2447 975 2496 monasterio
996 2447 1121 2510 quod
1143 2446 1312 2494 dicitur
1332 2446 1373 2493 le
1393 2445 1498 2492 εῙανε
1515 2444 1648 2509 juxta
1669 2444 1804 2493 Mele-

457 2586 488 2620 1.
512 2583 586 2620 Les
601 2583 761 2619 Grandes
778 2581 1001 2625 Chroniques
1017 2580 1097 2616 font
1114 2579 1163 2616 ici
1184 2579 1218 2616 le
1234 2579 1328 2615 recit
1345 2578 1410 2615 des
1427 2578 1635 2625 premieres
1650 2578 1807 2614 menees

408 2644 453 2679 de
481 2642 625 2679 Rohert
654 2640 837 2685 d’Artois‚
867 2639 961 2675 re'cit
981 2639 1045 2685 qui
1074 2649 1122 2674 ne
1144 2650 1185 2675 se
1211 2643 1346 2675 trouve
1367 2637 1408 2673 ni
1428 2637 1523 2673 dans
1544 2637 1578 2674 le
1599 2636 1807 2673 Continua-

410 2706 496 2737 teur
516 2700 561 2735 de
583 2698 803 2735 Guillaume
832 2697 878 2733 de
905 2697 1054 2744 Nangis
1082 2697 1122 2733 ni
1143 2696 1239 2733 dans
1266 2701 1375 2733 notre
1402 2696 1605 2740 chronique
1632 2695 1807 2741 (Grandes

413 2759 647 2803 chronique&
671 2761 698 2792 t.
720 2755 771 2802 V,
791 2766 827 2801 p.
851 2753 945 2796 333).
