2060 3345
340 312 384 345 90
577 315 781 346 RICHARDI
810 312 935 344 SCOTI
965 312 1171 344 CHRONICI
1201 312 1507 344 CONTINUATIO.
1631 309 1726 354 [1351

339 400 529 458 peratur
561 413 585 441 a
625 393 826 447 Gallicis,
871 396 1050 439 secreto
1090 397 1287 439 tractatu
1329 391 1589 454 composito
1628 407 1734 438 cum

339 471 671 519 habitatoribus
697 468 850 514 ville1.

403 556 454 602 24
469 557 513 599 5.
538 580 600 587 -
619 550 839 598 Dominus
859 549 918 596 de
938 549 1061 596 Bello
1080 550 1238 597 Rocho
1263 555 1367 597 ante
1395 548 1620 596 Calesium
1640 547 1735 595 for-

338 629 444 675 titer
468 626 731 675 dimicando
757 631 917 673 contra
942 626 1158 690 Anglicos
1185 627 1262 689 qui
1289 626 1547 688 impetuose
1575 629 1734 671 contra

337 721 442 752 eum
468 704 691 758 exierant,
722 702 901 750 occisus
927 704 1043 749 est2.

399 784 510 831 246.
539 811 603 819 -
629 783 694 830 De
729 784 842 845 festo
876 783 1032 830 Stella.
1062 810 1126 818 —
1150 782 1397 839 Johannes,
1428 798 1511 829 rex
1538 784 1735 828 Franco-

335 877 456 916 rum,
492 859 550 906 ad
583 859 864 922 captandum
896 859 1254 906 benivolentiam
1287 858 1476 913 ducum,
1512 857 1734 905 comitum

334 943 378 984 et
410 941 679 1000 magnatum
717 936 847 999 regni
884 936 976 991 sui,
1013 935 1126 997 ipsis
1159 935 1205 981 in
1241 935 1382 982 domo
1417 934 1543 997 regia
1583 934 1734 980 Sancti

333 1013 541 1062 Audoeni
578 1029 726 1076 prope
765 1012 918 1059 villam
963 1012 1116 1059 Sancti
1154 1011 1357 1075 Dionysii
1397 1009 1734 1058 sollennitatem

333 1088 512 1153 peregit
537 1088 872 1151 percelebrem,
899 1086 1189 1150 precipiens3
1210 1091 1260 1133 ut
1281 1085 1554 1132 famosiores
1580 1100 1736 1131 armo-

333 1180 436 1211 rum
455 1163 741 1226 experientia
754 1169 800 1209 et
813 1162 1046 1225 probitate
1061 1161 1280 1208 clariores
1297 1160 1551 1208 secundum
1572 1160 1735 1208 merita

335 1258 415 1288 sua
446 1240 492 1286 in
526 1239 780 1287 conviviis4
807 1238 885 1285 diu
918 1238 1094 1285 ibidem
1120 1237 1443 1300 pertractatis5
1470 1237 1735 1284 discumbe-

333 1324 452 1374 rent,
476 1322 522 1363 et
541 1322 747 1363 statuens
774 1321 824 1362 ut
840 1331 947 1362 cum
967 1331 1022 1361 eo
1047 1314 1105 1361 de
1132 1319 1287 1360 cetero
1313 1314 1568 1360 confratres
1595 1312 1735 1360 stelle

332 1399 634 1449 vocarentur3
658 1392 1085 1440 confraternitatem
1104 1391 1241 1438 istam
1261 1390 1420 1437 volens
1440 1406 1525 1452 per
1542 1389 1736 1436 modum

333 1470 568 1534 religionis
588 1470 661 1516 vel
687 1469 864 1516 ordinis
889 1467 1203 1524 introducere,
1226 1467 1349 1514 inter
1372 1472 1549 1513 ceteras
1574 1466 1735 1513 obser-

333 1546 510 1593 vantias
542 1545 701 1593 statuit
733 1551 783 1592 ut
814 1544 888 1592 die
921 1543 1100 1591 sabbati
1132 1542 1190 1590 de
1222 1542 1408 1589 scalleto
1443 1541 1736 1589 uniformiter

331 1623 477 1670 induti
505 1622 757 1669 defferrent
782 1620 962 1668 stellam
987 1636 1177 1667 auream
1197 1625 1242 1666 et
1262 1618 1542 1682 geminatam
1568 1617 1735 1665 tunicis

330 1698 403 1744 vel
429 1696 631 1760 capuciis
658 1697 845 1745 affixam
871 1701 917 1742 et
942 1695 1029 1741 hiis
1062 1694 1226 1742 diebus
1246 1694 1515 1758 jejunando,
1547 1709 1735 1756 semper

331 1775 388 1821 ad
427 1774 663 1836 solempne
708 1772 956 1836 prandium
1000 1770 1303 1818 convenirent
1340 1776 1386 1817 et
1424 1770 1634 1833 jurarent
1676 1769 1734 1817 de

331 1850 551 1897 fidelitate
577 1854 737 1896 mutua
762 1847 1097 1895 conservanda.
1119 1847 1318 1894 Ulterius
1340 1846 1399 1893 ad
1425 1846 1734 1893 indecentiam

332 1942 517 1973 morum
558 1924 850 1981 evitandam,
893 1924 1203 1986 dampnosum
1248 1922 1408 1970 ludum
1448 1923 1730 1978 taxillorum,

333 2002 653 2066 luppanariam
679 2007 725 2048 et
750 2001 967 2048 tabernas
1003 2001 1069 2048 eis
1101 2016 1281 2048 summe
1314 1999 1567 2062 prohibuit,
1597 2015 1735 2046 cano-

334 2079 462 2126 nicos
494 2079 687 2143 dignum
716 2078 891 2125 ducens
927 2083 1129 2125 statuere
1162 2077 1207 2123 in
1240 2076 1381 2123 domo
1414 2075 1734 2138 prenominata

380 2248 412 2282 1.
436 2247 488 2282 Le
514 2245 569 2282 roi
597 2245 693 2281 Jean
723 2245 799 2291 prit
827 2249 910 2291 part
939 2255 987 2281 en
1016 2254 1201 2290 personne
1227 2254 1275 2279 au
1297 2243 1396 2289 siege
1417 2242 1463 2279 de
1484 2242 1733 2278 Saint-Jean-

333 2304 536 2351 d'Angely.
554 2304 608 2340 La
620 2303 709 2339 ville
723 2303 791 2339 dut
805 2314 844 2339 se
859 2302 992 2338 rendre
1006 2302 1026 2337 a
1042 2302 1076 2337 la
1092 2301 1143 2337 fin
1157 2301 1285 2337 d'aout
1299 2312 1346 2337 ou
1362 2300 1456 2336 dans
1477 2300 1529 2336 les
1551 2300 1734 2347 premiers

329 2364 436 2411 jours
457 2363 502 2398 de
524 2363 734 2409 septembre
756 2363 841 2398 1351
867 2361 1081 2407 (Froissart‚
1098 2366 1124 2396 t.
1142 2360 1210 2406 IV,
1227 2372 1263 2407 p.
1286 2371 1386 2405 XLIV,
1402 2370 1439 2395 n.
1465 2360 1502 2405 13
1528 2360 1734 2404 Chronique

334 2423 551 2465 normande,
574 2433 610 2468 p.
634 2422 677 2458 99
699 2426 736 2457 ct
756 2421 850 2465 289).

382 2481 416 2516 Q.
438 2480 471 2515 Il
491 2480 599 2527 s'agit
618 2479 876 2515 evidemment
895 2479 945 2515 ici
965 2469 1181 2514 d'Edouard
1201 2477 1246 2513 de
1267 2477 1449 2522 Beaujeu,
1472 2476 1661 2512 marechal
1689 2475 1734 2512 de

338 2540 494 2584 Franco,
517 2539 580 2574 tue
601 2538 623 2573 a
642 2538 678 2573 la
697 2542 896 2574 rencontre
916 2537 1109 2583 d'Ardres,
1131 2547 1177 2573 au
1199 2536 1296 2572 mois
1316 2535 1361 2572 de
1379 2535 1465 2582 juin
1487 2535 1573 2572 1351
1596 2534 1734 2579 (Frois-

337 2602 426 2643 sart,
449 2602 474 2632 t.
498 2596 568 2642 IV,
590 2608 625 2642 p.
650 2596 744 2641 116).

384 2657 417 2692 3.
440 2657 512 2692 Ms.
531 2658 746 2701 percipiens.

384 2716 418 2750 4.
442 2715 513 2749 Ms.
536 2715 706 2749 convivis.

387 2775 419 2809 5.
443 2773 512 2809 Ms.
532 2774 741 2819 pertractis.
