2060 3345
330 315 397 350 140
565 316 771 350 RICHARDI
799 314 926 348 SGOTI
953 314 1161 348 GHRONIGI
1190 314 1497 348 CONTINUATIO.
1619 314 1722 360 [1359

328 410 383 441 eo
409 409 483 451 ne,
514 398 709 457 propter
733 391 893 438 odium
921 391 1197 453 inexpiabile
1220 392 1316 456 jam
1334 397 1495 440 eontra
1515 409 1595 441 eos
1614 410 1724 441 eon-

328 476 532 534 ceptum,
563 468 864 532 ignominiose
891 474 1183 516 necarentur.

395 549 505 596 302.
549 573 611 580 —
653 544 877 592 Dominus
926 544 1155 592 ,Iohannes
1199 545 1256 592 de
1299 545 1558 602 Ilaricuria‚
1605 548 1724 596 filius

328 623 500 670 domini
533 621 671 668 occisi
705 621 829 683 apud
859 621 1218 686 Rothomagum,
1250 622 1486 669 dominam
1513 624 1724 671 Katheri-

326 714 449 754 nam,
485 697 624 743 filiam
666 696 795 744 ducis
839 697 1186 755 Borboniensis,
1229 698 1352 761 apud
1388 699 1584 746 Pictavis
1619 700 1720 763 (sie)

326 774 481 830 occisi,
511 773 859 837 desponsavit1.

391 854 501 897 303.
531 878 593 885 --
620 849 685 896 De
711 865 870 912 mayno
897 850 1106 897 Ferrato.
1128 878 1190 885 —
1216 852 1345 898 Statu
1371 851 1561 898 Francie
1587 851 1724 898 mise-

324 926 455 973 rabili
475 925 775 989 perdurante,
798 925 910 972 dum
923 927 1081 973 hostes
1099 925 1270 988 ubique
1289 926 1431 972 libere
1456 943 1724 990 grassaren-

322 1009 414 1059 tur,
445 1018 503 1049 ex
530 1003 734 1049 manerio
762 1003 965 1065 quodam
993 1003 1103 1050 satis
1130 1003 1237 1050 forti
1255 1004 1299 1050 in
1318 1004 1423 1050 villa
1442 1004 1724 1068 Longuolio2

322 1084 605 1136 constructo,
640 1079 829 1141 quidam
862 1080 1082 1126 robustus
1107 1079 1306 1126 rusticus
1338 1080 1591 1144 eleguantis
1622 1097 1725 1127 cor-

321 1155 548 1218 pulencie,
572 1155 757 1202 nomine
782 1171 977 1219 magnus
1002 1158 1235 1212 Ferratus,
1262 1172 1366 1202 cum
1393 1156 1478 1203 sibi
1500 1156 1725 1203 adheren-

321 1232 445 1279 tibus
470 1231 697 1287 ruricolis,
725 1231 770 1277 in
800 1232 903 1296 (sic)
938 1247 1118 1278 summe
1145 1231 1429 1279 auctoritatis
1458 1233 1724 1296 capitaneos

321 1308 617 1371 Anglicorum
651 1308 804 1354 subito
836 1313 881 1354 et
905 1308 1020 1355 hora
1050 1307 1231 1370 prandii
1266 1308 1511 1356 interfecit.
1542 1310 1724 1373 Insigne

320 1384 468 1431 scelus
489 1384 789 1447 perpetrandi
814 1383 967 1430 villani
997 1384 1288 1431 occasionem
1313 1385 1592 1442 habuerunt,
1617 1403 1724 1433 nam

318 1461 609 1523 capitaneum
641 1477 822 1517 eorum,
853 1460 1155 1509 Guillermum
1181 1460 1367 1508 Alaudis
1394 1462 1471 1524 qui
1500 1462 1724 1525 agricolas

316 1537 465 1600 patrie
488 1537 727 1600 hueusque
751 1542 913 1584 contra
938 1537 1155 1601 Anglicos
1178 1544 1395 1600 potenter
1415 1537 1720 1595 deffenderat,

318 1614 404 1661 sub
440 1613 568 1660 salvo
597 1613 829 1661 conductu
861 1619 1130 1671 evocatum,
1169 1614 1276 1676 quia
1312 1614 1597 1662 deditionem
1637 1615 1723 1662 loci

317 1690 629 1754 denegaverat
641 1690 935 1753 imparatam,
951 1690 1191 1738 redeundo
1203 1706 1310 1737 eum
1320 1690 1725 1738 fecerantletaliter

316 1767 593 1814 vulnerari3.
620 1769 764 1824 Quam
792 1766 1106 1830 proditionem
1128 1767 1344 1814 violatam
1371 1784 1557 1830 quoque
1582 1768 1724 1815 fidem

317 1843 554 1890 intantum
566 1843 908 1890 abhorruerunt
924 1843 1051 1906 quod
1072 1860 1164 1890 non
1183 1844 1331 1890 solum
1350 1844 1610 1891 occisorum
1622 1861 1724 1891 cor-

318 1936 431 1982 pora
449 1919 600 1983 pretio
621 1936 771 1982 neque
797 1919 1014 1982 precibus
1038 1919 1236 1966 reddere
1265 1920 1513 1967 noluerunt
1541 1937 1720 1984 ymmo,

317 1996 518 2059 Anglicis
545 1995 864 2059 potentissime
890 1996 1089 2058 repulsis
1113 1996 1190 2058 qui
1216 1997 1273 2042 ad
1301 1997 1553 2044 vindictam
1575 1996 1724 2044 domi—

319 2088 487 2119 norum
507 2073 551 2118 in
572 2072 865 2119 multitudine
882 2072 1013 2136 gravi
1032 2072 1336 2127 advenerant,
1361 2074 1547 2120 flamma
1567 2074 1723 2120 voraci

319 2154 725 2211 consumpserunt.
747 2148 821 2196 Sic
834 2165 1030 2212 magnus
1049 2151 1284 2206 Ferratus,
1306 2149 1572 2213 capitaneus
1591 2166 1725 2198 eons-

368 2313 399 2346 1.
424 2310 473 2347 Ge
494 2310 665 2358 mariage
687 2315 751 2347 eut
781 2310 870 2355 lieu,
893 2311 1041 2358 d'apres
1068 2311 1123 2347 les
1150 2313 1311 2349 Grandes
1340 2311 1561 2357 Chroniques
1590 2314 1630 2358 (t.
1654 2311 1722 2357 VI,

320 2381 356 2416 p.
380 2369 474 2415 ¹164),
497 2370 530 2405 le
553 2370 594 2405 14
614 2369 770 2405 octobre
792 2370 895 2406 1359.

367 2428 402 2464 2.
425 2427 920 2475 Longueil-Sainte-Marie,
942 2427 1046 2475 Oise,
1063 2439 1135 2466 arr.
1158 2428 1202 2464 de
1223 2428 1472 2475 Compiegne,
1489 2433 1591 2465 cant.
1615 2428 1723 2464 d’Es-

321 2486 708 2522 trees-Saint-Denis.

369 2545 402 2581 3.
424 2545 480 2581 La
500 2545 653 2582 version
674 2544 719 2580 de
740 2549 848 2580 notre
871 2550 1006 2581 auteur
1026 2545 1171 2591 differe,
1195 2556 1343 2581 comme
1364 2556 1413 2581 on
1435 2546 1470 2580 Ie
1493 2545 1585 2591 voit,
1601 2556 1666 2581 sur
1681 2555 1723 2581 ce

320 2604 427 2651 point
448 2604 493 2640 de
515 2604 609 2640 celle
630 2604 675 2639 de
696 2603 795 2639 Jean
819 2604 863 2639 de
884 2604 1067 2651 Venette,
1089 2605 1153 2651 qui
1176 2604 1341 2640 attribue
1364 2604 1400 2640 la
1420 2609 1520 2640 mort
1548 2604 1594 2640 de
1615 2604 1723 2640 Guil-

321 2663 449 2699 laume
469 2663 618 2699 l'Aloue
640 2663 662 2698 a
683 2673 758 2699 une
781 2667 934 2709 attaque
955 2663 1045 2699 faite
1073 2664 1094 2698 a
1121 2663 1368 2709 l'improviste
1391 2674 1458 2709 par
1487 2664 1539 2698 les
1560 2662 1723 2709 Anglais

323 2727 360 2758 et
393 2733 442 2757 ne
474 2721 541 2757 fait
574 2732 725 2759 aucune
757 2721 932 2757 mention
960 2722 1004 2757 de
1032 2727 1264 2769 guet-apens
1292 2721 1351 2768 (ef.
1386 2722 1653 2758 Continuaceur
1683 2723 1724 2757 cle

327 2780 536 2816 thtaume
556 2781 596 2815 de
615 2780 766 2825 Nanyts,
793 2785 819 2815 t.
843 2779 894 2826 ΙΙ,
916 2792 951 2826 p.
974 2780 1067 2826 289).
