2060 3345
339 337 404 373 188
769 335 952 367 GERARDI
980 334 1034 364 DE
1061 333 1300 365 FRACHETO.
1621 330 1724 375 [1280

402 432 440 463 c.
484 442 545 450 —
583 412 754 460 Dicitur
791 415 945 457 autem
977 409 1061 455 iste
1101 425 1221 472 papa
1259 424 1400 455 unum
1446 408 1623 455 misisse
1667 408 1723 454 ad

336 491 572 545 Karolum,
590 503 747 550 regem
762 485 926 542 Sicilie,
945 484 1240 540 cardinalem,
1260 491 1309 531 ut
1323 484 1420 546 ejus
1436 500 1575 546 super
1590 483 1726 530 amis-

338 568 464 615 sione
488 564 654 611 vicarie
676 561 1019 615 continentiam,
1050 561 1316 624 patientiam
1346 566 1391 606 et
1415 559 1724 607 obedientiam

337 642 586 706 experiret.
622 642 767 697 Quem
802 655 887 702 per
916 637 1070 685 omnia
1095 637 1295 684 Ecclesie
1330 652 1518 683 romane
1553 636 1727 683 bonum

337 723 382 764 ct
412 716 631 764 humilem
663 715 917 772 inveniens,
954 714 1125 761 dixisse
1158 713 1305 760 fertur
1340 731 1348 759 ;
1390 732 1409 756 ε(
1444 712 1727 759 Fidelitatem

336 795 474 841 habet
492 811 518 839 a
544 793 683 840 domo
704 792 910 848 Francie,
941 791 1318 855 perspicuitatem
1339 789 1510 854 ingenii
1538 807 1563 836 a
1583 806 1728 853 regno

336 870 589 934 Hyspanie,
632 869 959 916 discretionem
1001 868 1252 915 verborum
1294 885 1319 913 a
1363 866 1727 928 frequentatione

336 963 526 994 romane
551 946 700 1001 curie;
730 945 842 993 alios
868 961 1112 1009 possemus
1139 960 1377 1007 superare,
1408 942 1548 990 istum
1576 948 1729 989 autem

337 1040 427 1070 non
450 1022 723 1086 poterimus.
759 1041 779 1065 1>

401 1100 446 1147 cl.
471 1127 534 1134 —
554 1097 731 1145 Eodem
757 1103 987 1160 tempore,
1011 1096 1231 1160 magister
1251 1095 1482 1143 Johannes
1507 1093 1566 1141 de
1586 1094 1731 1141 Aure-

334 1175 489 1230 lianis,
536 1178 674 1222 Beate
718 1173 856 1221 Marie
901 1172 1169 1219 parisiensis
1209 1170 1530 1226 cancellarius,
1577 1170 1730 1216 seculo

337 1251 626 1307 valefaciens,
667 1250 863 1296 fratrum
896 1247 1243 1295 Predicatorum
1276 1246 1465 1293 intravit
1497 1245 1727 1301 ordinem,

336 1328 562 1375 honorem
584 1326 899 1389 episcopatus,
922 1341 1060 1388 quem
1082 1324 1212 1371 multi
1235 1329 1334 1370 toto
1352 1322 1540 1369 mentis1
1565 1322 1731 1369 affectu

336 1404 545 1451 ambiunt
588 1419 640 1449 ac
681 1408 950 1466 procurant,
999 1401 1057 1448 ad
1096 1416 1237 1463 quem
1281 1404 1525 1463 promotus
1564 1397 1728 1453 fuerat,

337 1480 682 1542 derelinquens.

877 1575 999 1623 MCC
1016 1576 1188 1621 LXXX.

402 1675 536 1720 Anno
574 1672 752 1720 Domini
796 1671 848 1719 M⁰
866 1671 942 1720 CC⁰
960 1670 1132 1719 Lxxx⁰2
1172 1670 1370 1717 moritur
1409 1686 1528 1732 papa
1570 1668 1734 1715 Nicho-

338 1751 435 1797 laus
459 1753 548 1797 IIIus
573 1749 617 1795 in
645 1748 839 1796 Suriano
862 1754 1015 1795 castro
1040 1763 1187 1810 prope
1205 1746 1459 1795 Viterbium
1481 1750 1528 1792 et
1553 1744 1734 1791 vacavit

338 1826 472 1873 sedes
497 1841 527 1875 v
554 1825 793 1872 mensibus
819 1830 866 1871 et
890 1824 1056 1870 diebus
1082 1838 1198 1870 XXII.

403 1919 443 1949 e.
481 1930 544 1938 —
585 1901 761 1949 Eodem
796 1916 935 1956 anno,
976 1899 1097 1946 circa
1135 1898 1471 1961 Epyphaniam,
1503 1899 1729 1959 Sequana,

338 1978 510 2024 flumen
531 1976 688 2033 Gallie,
713 1992 771 2022 ex
792 1975 923 2021 alveo
951 1991 1034 2021 suo
1054 1974 1240 2020 insolito
1261 1973 1326 2019 sic
1347 1972 1584 2036 egreditur
1607 1971 1733 2034 quod

339 2053 515 2101 cunctis
526 2059 646 2100 esset
662 2051 916 2106 formidini,
931 2051 1227 2112 Parisiusque
1239 2049 1356 2096 duos
1368 2055 1533 2111 pontes
1545 2049 1734 2095 diruens

340 2135 383 2176 et
420 2129 517 2175 aliis
549 2129 659 2175 locis
694 2126 1050 2189 quamplurimis
1089 2127 1148 2173 ita
1189 2126 1551 2187 circumquaque
1584 2124 1735 2170 influit

341 2205 572 2253 civitatem
603 2211 654 2251 ut
679 2204 892 2266 nequiret.
922 2221 947 2250 a
979 2209 1112 2266 parte
1145 2203 1296 2249 Sancti
1322 2201 1525 2264 Dyonisii
1558 2200 1735 2262 absque

342 2281 525 2344 navigio
563 2280 744 2344 ingredi
776 2286 822 2326 et
857 2296 909 2326 ea
944 2279 1030 2326 alia
1065 2285 1197 2342 parte
1234 2294 1382 2341 prope
1417 2279 1611 2325 Crucem
1647 2280 1735 2324 He-

341 2356 502 2404 mundi
526 2356 743 2404 dicuntur
768 2355 908 2402 fuisse
935 2355 1133 2418 navigia.

407 2435 442 2495 f.
471 2460 534 2468 —
560 2431 688 2479 Circa
720 2431 981 2494 predictum
1010 2437 1214 2493 tempus,
1251 2429 1405 2476 statim
1439 2433 1544 2492 post
1577 2428 1736 2474 deces-

345 2525 446 2556 sum
468 2508 668 2555 Nicholai
695 2524 833 2570 pape,
858 2507 1236 2562 Hanihaldenses,
1260 2521 1400 2568 quam
1420 2505 1511 2551 cito
1537 2511 1736 2551 mortem

344 2586 442 2650 ejus
469 2586 721 2640 sciverunt,
743 2590 994 2631 convocata
1021 2591 1152 2646 parte
1179 2600 1260 2630 sua
1286 2581 1492 2645 Capitolii
1513 2588 1558 2628 et
1574 2581 1737 2628 rocha-

394 2727 427 2763 1.
449 2726 532 2762 Lat.
557 2725 677 2771 50050,
698 2728 845 2759 mentes.

393 2786 426 2821 Q,
448 2785 531 2820 Lat.
555 2784 677 2829 5005c‚
698 2785 732 2818 M
748 2783 798 2818 (10
815 2783 901 2818 LXX.
