2060 3345
334 328 396 363 174
690 332 890 363 RlClIARDI
922 331 1047 363 SCOTI
1073 332 1358 364 GENEALOGIA.

330 410 565 466 Ludovici,
591 411 695 472 quia
715 410 864 456 cuncti
886 425 1019 473 reges
1045 416 1150 472 post
1179 412 1330 473 ipsum
1357 411 1414 457 de
1442 428 1526 458 suo
1547 413 1721 460 semine

331 486 684 533 descenderunt.
718 488 808 531 Iste
834 485 974 548 igitur
1000 486 1255 550 Philippus,
1286 503 1425 549 quem
1452 504 1539 549 pro
1565 488 1721 550 stipite

330 561 586 624 posuimus,
616 560 731 607 duas
758 560 916 607 habuit
941 577 1128 618 uxores,
1159 562 1415 617 lsabcllam,
1441 562 1579 609 filiam
1598 564 1722 627 regis

329 636 604 700 Arragonie,
638 642 684 683 et
715 636 925 693 Mariam,
955 637 1095 684 filiam
1128 638 1257 685 ducis
1289 638 1347 684 de
1376 638 1623 685 Brebanto.
1659 642 1722 685 De

328 713 523 759 Ysabelli
556 712 714 775 genuit
746 712 1030 760 Ludovicum
1063 713 1141 775 qui
1178 714 1314 765 obiit,
1353 714 1536 761 vivente
1569 720 1717 777 patre,

327 787 608 851 Philippum¹
651 788 728 850 qui
764 789 881 850 patri
916 789 960 835 in
994 805 1142 853 regno
1175 790 1395 836 successit
1426 796 1472 836 et
1502 790 1721 837 Karolum

326 870 485 927 postea
505 864 722 910 comitem
736 864 926 920 Valesii3
948 865 1024 927 qui
1048 865 1243 912 Karolus
1261 866 1419 928 genuit
1439 866 1717 928 Philippum,

325 956 483 1003 regem
497 940 703 987 ultimate
718 940 1003 997 defunctum,
1023 947 1204 1003 patrem
1225 941 1398 988 domini
1419 942 1541 1005 regis
1555 943 1722 990 Johan-

325 1017 412 1071 nis,
439 1016 548 1064 heu!
574 1016 764 1063 Francia
787 1017 1003 1064 sordibus
1021 1017 1247 1064 viciorum
1266 1017 1441 1080 poluta,
1469 1018 1566 1081 ejus
1592 1019 1721 1066 malis

325 1092 560 1140 demeritis
587 1092 632 1138 in
658 1093 817 1156 Anglia
849 1093 1093 1140 exulentis.
1130 1096 1194 1140 De
1223 1094 1360 1141 Maria
1391 1111 1504 1142 vero
1530 1094 1588 1141 de
1617 1099 1721 1142 Bre-

324 1169 464 1216 banto
480 1168 639 1233 genuit
655 1169 940 1216 Ludovicum
960 1175 1121 1232 postea
1137 1170 1352 1217 comitem
1366 1169 1692 1218 Ebroicensem
1708 1189 1718 1227 3

323 1246 400 1307 qui
416 1245 674 1292 Ludovicus
688 1245 847 1309 genuit
862 1245 1126 1308 Philippum
1142 1246 1359 1293 comitem
1373 1247 1717 1304 Ebroicensem,

323 1327 505 1384 patrem
522 1322 653 1369 istius
670 1323 815 1369 muris
828 1322 999 1370 scilicet
1013 1326 1215 1370 Navarre
1227 1325 1367 1387 regis,
1385 1323 1601 1370 dentibus
1619 1323 1721 1370 licet

324 1398 644 1445 minutissimis
663 1415 859 1462 regnum
873 1399 1063 1446 Francie
1078 1398 1394 1461 multipliciter
1410 1399 1716 1446 corrodentis.

388 1476 588 1522 Mortuo2
600 1490 710 1538 rege
723 1475 951 1538 Philippo,
966 1475 1059 1522 filio
1071 1475 1215 1522 sancti
1230 1475 1466 1532 Ludovici,
1485 1475 1722 1539 Philippus

324 1551 421 1615 ejus
446 1551 582 1605 filius,
612 1552 691 1615 qui
720 1552 870 1599 dictus
896 1557 966 1598 est
996 1552 1207 1608 Pulcher,
1237 1552 1459 1600 successit
1485 1552 1529 1599 in
1556 1569 1718 1616 regno.

325 1628 405 1675 Hic
439 1629 615 1691 accepit
650 1645 848 1676 uxorem
881 1629 1136 1676 Johannem
1176 1628 1313 1692 (sic),
1357 1629 1497 1675 filiam
1538 1630 1721 1677 Henrici

324 1705 560 1768 quondam
593 1707 714 1770 regis
739 1710 966 1763 Navarre,
1003 1706 1185 1753 comitis
1216 1707 1465 1769 Campanie
1501 1712 1545 1753 et
1580 1711 1717 1771 Brye.

323 1782 436 1829 Huic
462 1782 687 1837 Johanne,
717 1783 876 1846 regine
901 1783 1106 1839 Francie‚
1131 1783 1191 1830 ob
1214 1789 1413 1830 mortem
1433 1783 1596 1845 patris,
1616 1783 1720 1847 jure

322 1858 641 1916 successionis,
661 1858 951 1906 obvenerant
970 1875 1167 1924 regnum
1186 1863 1391 1906 Navarre
1409 1864 1456 1907 et
1474 1859 1720 1907 comitatus

322 1935 536 1998 predicti.
554 1938 618 1982 De
639 1935 725 1982 ista
740 1941 893 1983 autem
913 1936 1070 2000 genuit
1088 1952 1172 1982 rex
1190 1936 1429 1999 Philippus
1450 1941 1546 1982 tres
1567 1936 1686 1983 filios
1707 1955 1715 1983 :

322 2011 624 2067 Ludovicum,
657 2011 917 2075 Philippum
948 2018 994 2059 et
1024 2012 1243 2060 Karolum
1276 2013 1354 2075 qui
1387 2017 1495 2075 post
1520 2019 1720 2059 mortem

321 2086 466 2149 patris
487 2087 744 2134 successive
764 2104 884 2135 unus
906 2094 1012 2150 post
1034 2088 1172 2135 alium
1193 2094 1524 2151 regnaverunt.
1555 2088 1721 2136 Genuit

321 2162 459 2209 etiam
500 2163 663 2219 filiam,
698 2163 884 2211 nomine
923 2163 1226 2220 Ysabellam3,
1257 2181 1407 2228 nuper
1433 2164 1715 2220 defunctam,

322 2245 519 2286 matrem
535 2239 666 2287 istius
685 2241 890 2288 caudati4
910 2241 1033 2304 regis
1049 2241 1209 2304 Anglie
1227 2241 1448 2288 Eduardi,
1470 2242 1551 2288 Hic
1571 2246 1719 2288 atten-

322 2315 457 2362 datis.
493 2319 669 2363 Mortua
701 2317 859 2380 regina
892 2317 1116 2373 Johanna,
1153 2333 1349 2381 regnum
1382 2321 1586 2364 Navarre
1614 2333 1718 2364 cum

369 2446 400 2480 4.
428 2458 443 2477 «
466 2445 517 2480 Le
539 2445 624 2491 Bel,
647 2458 662 2478 »
686 2445 781 2481 dans
803 2446 1048 2493 l'interligne.

368 2503 401 2538 2.
426 2517 441 2536 ‹<
466 2503 554 2539 1284
578 2518 592 2535 »
616 2503 742 2550 ajoute
763 2504 858 2539 dans
880 2505 1127 2551 l'interligne.

368 2562 401 2597 3.
419 2562 472 2597 La
486 2562 588 2597 reine
605 2561 861 2608 [sabelle,fille
873 2563 917 2599 de
934 2563 1107 2610 Philippe
1118 2563 1153 2600 le
1170 2563 1235 2598 Bel
1249 2568 1285 2599 et
1299 2564 1404 2600 mere
1416 2556 1629 2599 d'Edouard
1644 2563 1714 2607 III,

320 2626 475 2656 mourut
495 2632 542 2656 au
564 2621 727 2657 chateau
748 2621 967 2658 d'Hertford
988 2622 1022 2658 le
1043 2622 1087 2658 23
1108 2623 1197 2658 aout
1220 2622 1323 2658 1358.

367 2679 401 2714 4.
425 2678 501 2714 Sur
519 2678 693 2725 l'origine
713 2679 757 2715 de
776 2685 873 2716 cette
894 2680 1199 2726 denomination,
1216 2680 1497 2726 frequemment
1515 2681 1715 2728 appliquee

322 2749 396 2773 aux
416 2736 580 2784 Anglais
600 2738 768 2784 pendant
796 2739 829 2774 le
855 2749 996 2786 moyen
1026 2740 1107 2786 age,
1134 2739 1216 2775 voir
1243 2750 1295 2774 un
1323 2739 1557 2775 interessent
1585 2740 1715 2776 article

322 2796 366 2832 de
390 2796 439 2831 M.
467 2796 506 2832 P.
530 2796 662 2843 Meyer
684 2798 900 2843 (Romania).
