2060 3345
290 302 393 348 1285]
634 305 841 338 GHRONICI
867 306 999 336 PRIMA
1027 305 1334 338 CONTINUATlo.
1616 303 1680 340 ι201

287 383 392 430 hinc
409 383 589 431 abirent
609 384 870 431 Geronnam
892 399 983 430 non
1009 383 1145 447 longe
1160 389 1267 446 post
1287 400 1340 430 ea
1359 383 1680 431 reddiderunt.

351 460 386 520 f.
410 487 474 494 —
501 458 643 522 Igitur
672 458 785 504 istos
814 464 860 504 et
886 459 998 505 alios
1024 466 1217 507 eventus
1237 459 1398 506 videns
1423 465 1469 506 et
1494 459 1686 507 audiens

286 550 369 580 rex
390 534 625 596 Philippus
650 549 755 580 cum
788 533 1054 580 infirmitate
1081 551 1221 597 quam
1249 535 1447 583 habebat
1473 535 1684 582 dolorem

286 611 440 657 cordis
460 610 650 657 incurrit
671 610 950 665 maximum3
974 610 1031 656 de
1047 627 1140 672 quo
1155 611 1357 657 maxime
1371 611 1530 658 dicunt
1544 610 1684 673 aliqui

284 686 437 749 ipsum
467 692 571 749 post
601 693 785 748 tempus
818 685 1052 733 modicum
1086 687 1323 749 expirasse
1351 688 1481 751 cujus
1512 704 1684 751 corpus

284 763 584 825 postmodum
616 761 738 824 apud
770 763 989 808 Sanctum
1019 762 1291 825 Dyonisium
1320 770 1389 810 est
1421 764 1678 811 humatum.

283 839 373 886 Sed
395 844 641 901 antequam
662 843 942 891 moreretur,
952 838 1111 902 jurare
1132 837 1240 885 fecit
1261 839 1405 886 filium
1424 856 1558 887 suum
1579 839 1684 887 Phi-

281 915 460 978 lippum
482 914 843 978 primogenitum
864 914 990 977 quod
1012 931 1147 961 suum
1168 916 1360 962 fratrem
1383 917 1603 964 Karolum
1624 916 1682 963 ad

281 1008 478 1055 regnum
519 990 748 1055 Aragonie
791 991 1125 1054 acquirendum
1171 1009 1257 1054 pro
1302 1009 1440 1055 posse
1484 993 1682 1040 fideliter

281 1068 540 1132 adjuvaret.

350 1145 461 1208 Cap.
488 1143 695 1192 CXXVII
712 1160 755 1191 a.
779 1172 842 1180 -
861 1144 1036 1191 Eodem
1057 1162 1195 1202 anno,
1226 1145 1346 1194 circa
1368 1145 1540 1192 festum
1557 1146 1680 1193 beati

279 1224 397 1268 Luce
432 1220 748 1284 Emngeliste,
786 1220 1025 1283 Philippus
1059 1229 1180 1276 nnus,
1220 1221 1429 1285 ejusdem
1466 1222 1585 1268 filius
1622 1238 1681 1267 ex

278 1314 441 1344 sorore
479 1298 601 1344 Petri
640 1298 698 1344 de
732 1298 979 1361 Aragonia‚
1017 1314 1213 1362 regnare
1250 1299 1372 1361 cepit
1406 1299 1452 1345 in
1490 1298 1678 1345 Francia

277 1373 583 1420 octodemnis.
614 1374 715 1431 Qui,
747 1374 903 1420 statim
934 1381 1040 1437 post
1072 1376 1216 1438 patris
1243 1375 1440 1430 obitum,
1471 1381 1522 1422 ut
1547 1392 1680 1422 coro-

277 1456 482 1505 naretur,
505 1450 562 1497 de
580 1450 823 1497 obsidione
844 1451 972 1514 regni
991 1452 1222 1515 Aragonie
1243 1452 1287 1497 in
1310 1469 1400 1515 qua
1421 1469 1525 1499 cum
1549 1457 1680 1515 patre

276 1528 426 1575 fuerat
446 1533 687 1574 revertens
708 1527 752 1573 in
775 1528 963 1575 Galliam
983 1545 1086 1575 cum
1105 1545 1215 1593 rege
1237 1529 1572 1592 Majoricarum,
1595 1546 1679 1576 suo

275 1604 520 1661 avuncule,
548 1610 594 1651 et
615 1621 719 1651 cum
744 1605 838 1652 suis
865 1605 1057 1652 Tholose
1078 1612 1122 1652 et
1144 1608 1423 1654 Carcassone
1450 1606 1678 1653 senescal-

274 1681 345 1737 lis,
385 1681 443 1728 ad
478 1681 817 1728 cohercendam
855 1688 901 1728 et
938 1683 1302 1746 oppugnandam
1348 1683 1677 1746 malici[os]am

273 1758 561 1820 proterviam
593 1760 861 1821 Aragonum
894 1775 985 1821 que
1018 1759 1154 1805 nimis
1184 1776 1270 1822 pro
1302 1759 1497 1806 decessu
1532 1760 1677 1822 patris

272 1834 417 1896 ipsius
443 1834 699 1897 ingrassata
720 1834 871 1881 fuerat
892 1835 978 1882 illis
999 1835 1045 1881 in
1066 1836 1292 1898 partibus,
1316 1836 1476 1899 plures
1499 1836 1673 1883 dimisit

273 1910 600 1972 stipendiarios
631 1910 880 1973 gallicanos
909 1916 955 1958 et
989 1912 1163 1969 Remis,
1194 1912 1295 1976 ipsa
1330 1912 1404 1958 die
1439 1912 1676 1976 sequentis

272 1985 561 2049 Epyphanie,
592 1991 860 2033 coronatur.

336 2062 536 2124 Reliquit
570 2078 683 2108 vero
721 2062 958 2126 Philippus
990 2079 1074 2110 rex
1105 2063 1351 2111 defunctus
1382 2063 1501 2110 duos
1535 2063 1670 2120 filios,

271 2139 513 2195 Karolum‚
557 2138 775 2186 comitem
808 2139 973 2189 Valesii
1016 2146 1062 2186 et
1105 2140 1369 2202 Philippum
1406 2140 1671 2202 predictum

271 2231 431 2278 regem
452 2214 640 2261 Francie
661 2231 717 2261 ex
738 2215 888 2278 prima
910 2215 1105 2279 conjuge
1126 2216 1285 2280 regina
1307 2216 1535 2273 Ysabelle,
1561 2215 1675 2263 alios

270 2297 424 2337 autem
447 2297 541 2338 tres
562 2291 734 2338 scilicet
753 2292 1057 2348 Ludovicum‚
1082 2293 1301 2339 comitem
1320 2293 1668 2348 Ebroicensem,

270 2370 596 2431 Margwetam,
642 2368 851 2431 reginam
889 2369 1072 2432 Anglie‚
1122 2369 1395 2424 Blancham‚
1438 2369 1671 2416 ducissam

270 2444 470 2500 Austrie,
501 2460 558 2490 ex
589 2444 790 2490 secunda
818 2461 963 2490 uxore
990 2444 1128 2491 Maria
1155 2444 1213 2492 de
1238 2445 1488 2492 Brebanto.

335 2520 376 2566 b.
412 2547 474 2555 —
508 2520 629 2566 Infra
661 2520 771 2567 illud
807 2527 1009 2583 tempus,
1041 2537 1170 2567 mors
1203 2522 1324 2568 Petri
1358 2522 1415 2568 de
1442 2521 1670 2585 Aragonia

270 2595 537 2652 nunciatum
559 2596 639 2643 sed
657 2603 810 2643 tamen
827 2596 1041 2643 dicebant
1060 2597 1197 2660 aliqui
1218 2597 1371 2660 ipsum
1392 2598 1449 2644 dc
1470 2597 1670 2660 receptis

271 2672 540 2720 vulneribus
568 2673 613 2719 In
645 2673 861 2720 conssictu
887 2689 993 2720 cum
1019 2674 1200 2722 Gallicis
1233 2691 1382 2737 prope
1407 2676 1668 2721 Geronuam

269 2756 375 2795 ante
400 2750 522 2813 regis
547 2750 736 2797 Francie
763 2750 958 2813 Philippi
986 2750 1165 2797 obitum
1191 2751 1446 2814 expirasse.
