2060 3345
441 353 459 388 si
816 358 1018 391 RICHARDI
1048 358 1172 390 SCOTI
1201 359 1466 392 CHRONICON.
1731 360 1834 405 [1328

439 439 568 486 vicus
595 439 700 485 fecit
724 438 988 500 homagium
1016 439 1132 502 regi.
1156 442 1254 497 Quo
1281 440 1400 487 facto
1423 457 1661 503 exponens
1686 442 1834 489 rebel-

437 515 581 562 liones
620 514 946 561 intollerabiles
982 515 1276 563 subditorum
1308 517 1365 564 de
1397 517 1584 580 Brugis,
1619 517 1677 564 de
1710 521 1833 580 Ypra

435 597 480 638 et
515 592 716 639 maxime
750 590 808 637 de
843 591 1043 638 Cassello
1077 591 1297 655 quodque
1330 610 1420 639 non
1454 598 1638 656 poterat
1669 611 1830 641 eorum

435 667 624 713 maliolis
650 666 838 713 obviare
865 683 949 714 nec
974 666 1237 715 rebellionis
1263 670 1502 716 materiam
1530 670 1783 733 extirpare,
1807 688 1830 716 a

432 760 542 805 rege
568 742 655 789 sibi
681 743 790 789 ferri
813 743 1033 790 auxilium
1060 744 1294 791 humiliter
1321 746 1587 808 postulavit.
1619 749 1714 803 Que
1747 763 1830 792 rex

430 818 590 865 annuit
624 818 706 865 sed
739 819 925 881 quando
953 820 1027 867 vel
1059 837 1153 884 quo
1186 827 1397 884 tempore
1433 822 1565 868 fieret
1603 822 1831 870 baronum

429 894 620 942 consilio
645 895 909 958 dereliquit.

494 973 538 1017 ξ’).
569 999 633 1006 -
658 971 849 1018 Interim
872 988 985 1019 vero
1011 989 1099 1036 pro
1127 973 1426 1020 coronatione
1451 974 1574 1038 regis
1600 980 1645 1021 et
1670 975 1828 1038 regine

425 1046 566 1093 fiebat
591 1047 746 1094 Remis
772 1047 1004 1095 maximus
1029 1054 1281 1112 apparatus
1303 1056 1348 1096 et
1371 1055 1525 1096 tantus
1548 1049 1675 1112 quod
1694 1056 1827 1097 antea

424 1123 576 1170 nullus
603 1124 844 1171 hominum
869 1125 1175 1172 meminisset.
1199 1128 1457 1174 Coronatur
1475 1142 1589 1173 vero
1614 1142 1699 1173 rex
1719 1143 1826 1173 cum

422 1200 582 1264 regina
614 1217 699 1263 per
727 1217 916 1248 manum
948 1202 1188 1250 Remensis
1220 1203 1557 1266 archiepiscopi
1587 1203 1824 1251 Guillermi

422 1275 479 1322 de
499 1276 601 1322 Tria
619 1277 662 1323 in
682 1277 800 1324 festo
821 1277 1035 1325 videlicet
1052 1278 1330 1326 Trinitatis1.
1356 1279 1548 1326 Duravit
1567 1285 1720 1327 autem
1740 1297 1826 1343 per

421 1352 626 1415 quinque
668 1352 767 1400 dies
811 1353 1054 1401 continuos
1096 1354 1266 1401 festum
1305 1355 1617 1403 coronationis
1656 1356 1820 1419 ipsius.

419 1427 620 1475 Rediens
654 1429 795 1492 igitur
820 1430 879 1477 de
910 1430 1209 1477 coronatione
1245 1431 1369 1493 apud
1407 1433 1623 1478 Sanctum
1655 1432 1824 1495 Dyoni-

419 1504 557 1560 sium,
589 1512 837 1568 patronum
870 1523 1022 1563 suum,
1053 1507 1275 1570 recipitur
1300 1524 1406 1554 cum
1432 1508 1625 1564 honore,
1656 1508 1823 1555 deinde

419 1583 556 1628 Beate
584 1582 721 1629 Marie
745 1583 945 1630 Par-isius
971 1583 1164 1631 ecclesia
1188 1583 1390 1641 visitata,
1420 1584 1574 1648 regale
1600 1584 1822 1647 palatium

418 1663 489 1704 est
528 1658 788 1722 ingressus,
829 1659 906 1706 ubi
948 1665 1112 1722 parato
1154 1660 1368 1707 convivio
1406 1660 1651 1724 magnifice
1689 1678 1714 1707 a
1751 1661 1820 1708 sui

417 1734 547 1796 regni
575 1734 860 1797 primoribus
886 1740 937 1782 ut
961 1752 1045 1782 rex
1072 1736 1344 1800 magnificus
1369 1736 1643 1784 honoratur.

482 1811 569 1872 6-f.
590 1839 652 1846 —
675 1811 818 1875 Igitur
844 1817 951 1875 post
979 1812 1327 1860 coronationem
1351 1813 1507 1877 Regis,
1538 1830 1621 1860 rex
1647 1810 1816 1861 tracta—

415 1892 513 1934 tum
549 1888 708 1935 habuit
741 1905 847 1935 cum
882 1888 1135 1936 baronibus
1167 1906 1309 1952 super
1334 1889 1528 1953 negocio
1558 1889 1819 1954 Flamingo-

414 1978 536 2009 rum.
565 1965 771 2025 Cumque
799 1963 930 2011 multi
955 1963 1164 2011 dicerent
1190 1981 1337 2028 usque
1363 1965 1420 2012 ad
1447 1981 1621 2012 annum
1642 1966 1817 2014 bonum

414 2054 516 2085 esse
540 2038 585 2085 in
608 2039 798 2086 Francia
817 2056 1079 2097 remanere,
1105 2041 1191 2087 hoc
1209 2041 1407 2088 verbum
1428 2041 1663 2105 displicuit
1683 2043 1816 2090 valde

412 2114 529 2178 regi,
553 2116 753 2162 maxime
779 2116 886 2178 quia
916 2116 1131 2164 dicebant
1159 2133 1259 2164 esse
1291 2123 1477 2180 tempus
1509 2118 1815 2182 incongruum

413 2197 458 2238 et
482 2192 707 2255 ineptum.
734 2192 863 2240 Unde
887 2194 1034 2240 fertur
1054 2210 1139 2241 rex
1165 2193 1356 2241 domino
1377 2193 1597 2242 Galchero
1623 2195 1681 2241 de
1707 2197 1815 2242 Cre-

413 2268 536 2315 ciaco
561 2285 643 2315 suo
676 2269 1042 2317 conestabulario
1073 2271 1138 2317 sic
1169 2270 1342 2318 dixisse
1383 2288 1391 2316 :
1430 2290 1450 2314 «
1485 2274 1542 2317 Et
1566 2287 1668 2327 vos,
1702 2271 1813 2332 quid

413 2344 592 2391 dicitis?
610 2365 628 2389 ›>
647 2346 748 2403 Qui,
767 2346 871 2393 licet
891 2363 1107 2403 renuens,
1131 2346 1197 2393 sic
1212 2346 1478 2409 respondit:
1499 2366 1518 2391 «
1537 2347 1620 2404 Qui
1636 2347 1812 2394 bonum

412 2436 493 2467 cor
527 2420 696 2468 habent
733 2422 791 2469 ad
833 2422 1097 2471 bellandum
1136 2440 1323 2487 semper
1360 2423 1599 2471 inveniunt
1636 2424 1810 2471 bonum

410 2501 612 2558 tempus.
653 2498 784 2554 Quod
828 2498 911 2544 rex
950 2498 1143 2546 audiens
1185 2499 1372 2563 gavisus
1413 2505 1483 2545 est
1523 2515 1811 2563 surgensque

410 2573 699 2636 amplexatus
731 2580 801 2620 est
839 2591 946 2621 eum
984 2575 1141 2622 dicens
1185 2593 1193 2621 :
1235 2595 1254 2619 «
1293 2575 1375 2632 Qui
1415 2575 1696 2639 mediligit,
1736 2592 1810 2622 me

410 2654 630 2712 sequatur
655 2667 702 2705 »ς
726 2654 771 2696 et
798 2650 953 2697 statim
973 2652 1309 2713 proclamatum
1330 2656 1400 2699 est
1419 2656 1470 2698 ut
1490 2650 1809 2714 unusquisque

458 2779 490 2814 1.
513 2777 733 2815 Guillaume
751 2777 797 2814 de
817 2778 920 2825 Trie,
942 2780 1180 2828 archevequc
1208 2780 1253 2817 de
1275 2780 1410 2816 Reims
1431 2791 1480 2816 en
1502 2779 1606 2826 1324,
1633 2784 1733 2815 mort
1757 2789 1805 2814 en

411 2836 513 2872 4334.
531 2836 584 2872 Cf.
604 2838 905 2883 Clzfronoqraphia
920 2849 991 2883 req.
1011 2840 1153 2882 Franc„
1174 2839 1231 2876 ed.
1248 2839 1490 2885 Moranville‚
1510 2845 1536 2875 t.
1554 2838 1604 2884 II,
1621 2839 1697 2885 ΡΛ,
1715 2849 1752 2874 n.
1770 2837 1803 2873 3.
