2060 3345
282 297 387 342 1357]
513 300 719 332 RICHARDI
748 299 873 332 SCOTI
903 299 1110 332 CHRONICI
1138 299 1446 332 CONTINUATIO.
1611 297 1676 332 ’117

276 386 462 444 peracta
489 380 534 427 in
560 397 649 443 qua
675 380 803 442 ipsos
830 379 1213 427 recommendans
1240 378 1412 441 pluries
1446 377 1568 425 idem
1594 395 1678 425 rex

277 457 507 521 gloriosos
525 456 738 503 martires
753 455 1026 514 nominavit,
1042 456 1088 502 in
1104 455 1293 503 ecclesia
1308 455 1458 503 Sancti
1471 454 1679 503 Audoeni

279 533 464 596 sepeliri
490 532 742 579 mandavit.

345 612 456 658 264.
501 637 561 644 —
599 610 764 656 Comes
803 608 861 655 de
892 608 1111 671 Stampis,
1149 607 1365 656 dominus
1400 606 1677 663 Ludovicus,

280 692 505 749 cognatus
539 686 662 749 regis
697 685 908 741 Francie,
948 683 1186 730 dominam
1220 684 1500 740 Johannam,
1540 683 1681 730 filiam

280 762 454 809 domini
468 761 716 824 Radulphi‚
731 760 967 824 quondam
983 760 1164 807 comitis
1178 760 1313 824 Augi,
1331 759 1682 807 conestabularii

280 840 485 893 Franeie,
516 837 861 901 desponsavit1.

348 914 460 961 262.
482 943 546 950 -
566 914 789 962 Dominus
805 913 918 969 dux,
941 913 998 960 ad
1019 912 1301 976 captandum
1318 913 1686 960 benevolentiam

280 990 625 1046 parisiensium,
655 996 701 1037 et
726 996 776 1037 ut
799 989 992 1053 pecunie
1022 989 1080 1036 ab
1120 989 1186 1036 eis
1215 989 1543 1053 colligerentur
1579 1006 1688 1053 pro—

282 1067 440 1122 misse,
461 1066 506 1112 in
529 1067 629 1112 foro
648 1066 881 1113 communi
909 1082 1067 1112 rerum
1088 1065 1336 1112 venialium
1363 1065 1514 1113 edicto
1542 1066 1688 1129 ipsius

283 1145 647 1197 convenerunt&
668 1142 825 1205 ibique
847 1142 1173 1190 facundissime
1192 1142 1415 1189 refferens
1436 1148 1485 1189 ut
1507 1142 1688 1206 pugiles

283 1224 558 1266 evocaverat
585 1235 671 1280 pro
708 1218 990 1265 deffensione
1020 1234 1181 1264 eorum
1209 1224 1253 1264 et
1280 1217 1552 1279 expulsione
1579 1218 1687 1264 hos-

282 1294 415 1351 tium,
431 1295 809 1359 subjungensque
824 1294 949 1357 quod
963 1294 1182 1357 deinceps
1198 1310 1394 1358 regnum
1409 1294 1527 1340 bene
1538 1294 1688 1340 inten-

282 1371 421 1418 debat
441 1372 660 1436 [regere],
680 1371 904 1419 conclusit
919 1371 1062 1434 quod,
1082 1371 1118 1418 si
1135 1371 1245 1418 illud
1265 1371 1504 1433 hucusque
1519 1370 1690 1434 guber—

284 1455 456 1505 nasset,
497 1449 651 1512 regale
687 1449 889 1496 erarium
935 1466 1026 1495 non
1063 1449 1128 1496 sic
1166 1449 1442 1495 exhaustum
1485 1448 1690 1512 pecuniis

283 1525 600 1581 remansisset,
625 1524 704 1571 sed
728 1525 946 1588 sperabat
967 1525 1092 1587 quod
1115 1524 1386 1572 collectores
1412 1524 1469 1571 de
1491 1524 1690 1586 receptis

285 1602 537 1649 redderent
569 1603 743 1649 bonum
778 1608 1050 1665 compotum
1076 1607 1121 1649 et
1147 1602 1349 1648 fidelem.
1383 1601 1534 1650 Verba
1560 1600 1690 1647 ducis

284 1679 458 1742 populo
482 1677 755 1725 mirabiliter
781 1679 1071 1741 placuerunt,
1102 1678 1226 1741 quod
1254 1678 1498 1725 attendens
1519 1693 1690 1740 prepo-

284 1755 399 1802 situs
433 1761 744 1802 mercatorum
778 1760 822 1801 et
857 1755 955 1819 ejus
986 1755 1252 1818 complices,
1285 1760 1329 1801 et
1356 1754 1522 1800 timens
1556 1770 1612 1800 ne
1643 1754 1689 1800 in

283 1848 363 1879 eos
401 1832 684 1895 insurgeret,
727 1831 801 1878 die
844 1831 1054 1894 sequenti
1097 1831 1155 1878 ad
1200 1834 1418 1879 Sanctum
1465 1830 1687 1877 Jacobum

282 1908 566 1964 venientes3,
596 1913 825 1971 temptare
852 1908 1098 1956 voluerunt
1131 1914 1180 1955 ut
1216 1907 1401 1971 plebem
1437 1907 1494 1953 ab
1530 1923 1689 1953 amore

283 1984 413 2032 ducis
449 1986 766 2042 revocarent&
798 1985 879 2032 sed
907 1985 964 2032 ad
999 1985 1150 2032 locum
1183 1985 1278 2032 dux
1313 1984 1555 2040 accedens,
1583 2000 1688 2030 cum

283 2061 428 2108 verba
452 2079 541 2124 que
566 2062 696 2124 prius
723 2068 1033 2125 proposuerat
1058 2079 1143 2125 per
1157 2062 1482 2109 cancellarium
1503 2060 1687 2108 recitari

283 2137 482 2194 fecisset,
508 2138 665 2201 sicque
691 2138 876 2201 plebem
902 2139 958 2185 ad
986 2155 1195 2186 amorem
1222 2138 1287 2185 sic
1313 2137 1469 2184 allexit
1488 2143 1538 2184 ut
1558 2144 1688 2183 nota-

283 2214 471 2261 biliores
484 2215 588 2261 ville
603 2221 864 2262 assererent
882 2215 1065 2278 publice
1086 2215 1212 2278 quod
1231 2215 1336 2262 duci
1354 2215 1686 2277 obtemperan-

283 2290 395 2338 dum
422 2297 520 2338 erat
546 2291 590 2337 in
617 2291 793 2339 cunctis
819 2298 865 2339 et
890 2292 1016 2355 quod
1042 2292 1180 2339 nimis
1203 2297 1530 2355 expectaverat
1555 2292 1684 2354 regni

281 2367 488 2430 regimen
531 2384 714 2414 sumere
758 2369 884 2431 quod
925 2368 1076 2417 eidem
1113 2368 1425 2432 competebat.
1461 2371 1587 2415 Tunc
1626 2367 1683 2414 ad

329 2532 362 2566 1.
385 2531 435 2567 Ge
462 2532 631 2578 mariage
663 2537 728 2568 eut
759 2532 835 2567 lieu
868 2533 901 2568 le
924 2532 1011 2579 joui·
1037 2533 1162 2568 meme
1193 2532 1239 2568 de
1270 2533 1307 2568 la
1334 2532 1435 2579 prise
1465 2522 1682 2577 d‘Etampos

284 2590 458 2631 (Grandes
481 2592 715 2635 Chrone'ques,
740 2596 765 2626 t.
792 2591 860 2634 VI,
882 2602 918 2637 p.
941 2592 1013 2634 81).

329 2647 363 2683 ⁶2.
387 2648 495 2684 Cette
526 2650 739 2686 assemblee
768 2655 832 2685 eut
858 2649 933 2685 lieu
957 2650 989 2685 le
1012 2650 1049 2685 ll
1071 2650 1223 2697 janvier
1245 2651 1334 2687 1358
1366 2650 1539 2689 (Grandes
1570 2651 1683 2685 (Μινυ-

286 2709 425 2751 nz‘ques,
447 2712 474 2742 t.
497 2707 566 2754 VI,
588 2720 624 2754 p.
648 2708 718 2753 77).

335 2765 367 2800 3.
392 2765 443 2800 Le
463 2776 534 2800 ms.
558 2766 683 2812 repete
704 2766 752 2803 ici
775 2779 782 2801 :
805 2768 853 2802 ad
873 2771 1041 2802 sanctum
1061 2768 1247 2804 Jacobum.

335 2825 368 2860 4.
394 2824 464 2859 Ms.
489 2835 665 2860 revocare.
