2060 3345
445 346 511 381 150
679 348 881 379 RICHARDI
910 346 1035 379 SCOTI
1064 346 1272 379 CHRONICI
1300 346 1608 380 CONTINUATIO.
1731 346 1831 392 [1361

443 431 603 472 serunt
637 430 699 480 et,
738 439 843 470 cum
875 439 966 469 non
1002 428 1125 470 esset
1156 424 1235 486 qui
1272 423 1337 472 eis
1369 423 1625 479 resisteret,
1665 425 1837 489 ubique

442 502 663 548 ruricolas
691 500 852 563 fugere
885 504 930 546 et
958 499 1058 546 loca
1086 500 1257 548 tutiora
1285 506 1444 564 petere
1479 502 1834 564 compellebant,

441 578 522 625 sed
550 584 596 623 et
620 576 740 622 mala
764 576 822 623 ab
847 575 962 639 ipsis
991 582 1262 640 perpetrata
1287 593 1410 624 anno
1436 578 1645 639 sequenti
1672 577 1838 626 fortius

439 654 749 700 invaluerunt.

505 732 615 776 319.
639 757 702 765 -
727 728 912 777 Decima
938 746 1059 777 nova
1085 729 1160 778 die
1185 731 1291 777 maii
1318 735 1426 794 post
1452 730 1618 778 festum
1643 731 1839 779 Penthe-

437 813 605 861 costes,
637 806 768 852 vinee
795 807 983 854 fuerunt
999 807 1132 870 quasi
1150 824 1236 870 per
1255 813 1405 855 totum
1427 824 1624 871 regnum
1650 808 1839 856 Francie

436 883 674 947 congelate
695 888 974 946 secutusque
997 889 1067 931 est
1087 884 1309 932 deffectus
1333 884 1549 931 vinorum
1576 884 1833 931 notabilis¹.

502 962 612 1009 320.
637 988 700 995 —-
720 963 815 1007 Isto
835 960 972 1007 etiam
992 977 1132 1017 anno,
1155 961 1351 1025 hyemps
1370 961 1454 1008 fuit
1473 960 1584 1008 satis
1600 961 1769 1025 longua
1792 967 1839 1007 et

434 1052 617 1098 aspera,
647 1052 845 1083 vernum
871 1042 1058 1100 tempus
1088 1037 1303 1085 callidum
1329 1043 1375 1084 et
1406 1037 1577 1084 siccum
1604 1036 1689 1084 fuit
1719 1037 1839 1084 ultra

434 1111 645 1168 modum,
666 1111 856 1159 estivale
872 1129 986 1159 vero
1008 1112 1092 1160 fuit
1109 1113 1219 1160 satis
1238 1117 1569 1175 temperatum.
1586 1112 1692 1160 Dira
1713 1129 1839 1160 mor-

433 1188 583 1235 talitas
612 1187 659 1234 in
692 1193 793 1234 toto
828 1204 974 1252 regno
1009 1189 1199 1236 Francie
1233 1189 1381 1252 viguit
1412 1195 1458 1235 et
1491 1189 1537 1235 in
1568 1189 1731 1253 Anglia
1759 1189 1838 1236 ubi

434 1279 591 1310 comes
622 1262 806 1309 inclitus
838 1263 990 1310 Sancti
1017 1263 1142 1310 Pauli
1169 1268 1215 1310 et
1246 1263 1453 1310 nonnulli
1478 1263 1552 1311 alii
1586 1263 1763 1311 nobiles
1793 1269 1839 1310 et

434 1339 689 1403 burgenses
715 1356 834 1402 quos
859 1356 943 1386 rex
969 1340 1199 1388 Johannes
1225 1340 1412 1387 obsides
1436 1339 1692 1387 tradiderat
1715 1340 1839 1388 diem

433 1417 648 1463 ultimum
674 1416 1024 1480 signaverunt2.

500 1493 610 1539 324.
639 1521 702 1528 -
728 1496 778 1539 In
805 1497 1012 1540 mercato
1039 1492 1285 1540 Meldensis
1314 1492 1512 1541 civitatis
1543 1493 1663 1540 inter
1688 1493 1839 1540 domi-

433 1584 545 1615 num
567 1568 817 1616 Fulconem
835 1567 1035 1616 d’Arcial
1054 1585 1114 1615 ex
1133 1585 1224 1615 una
1245 1574 1377 1632 parte
1395 1573 1602 1616 actorem
1619 1574 1666 1616 et
1689 1568 1839 1616 domi-

434 1661 544 1691 num
558 1645 842 1709 Maingotum
855 1644 1079 1692 Mauberti
1099 1661 1251 1701 reum,
1270 1645 1511 1692 occasione
1529 1645 1838 1708 quarumdam

433 1721 784 1768 contentionum
814 1721 1072 1769 verbalium
1105 1738 1196 1784 que
1228 1738 1313 1784 per
1343 1727 1487 1769 testes
1521 1721 1709 1785 probari
1746 1738 1838 1769 non

431 1803 665 1861 poterant,
689 1798 1011 1845 monomachia
1035 1798 1285 1845 commissa
1302 1803 1374 1845 est
1392 1803 1438 1844 et
1452 1804 1640 1861 peracta
1659 1799 1837 1862 absque

432 1874 525 1921 ictu
551 1875 673 1921 ensis
692 1875 765 1921 vel
792 1874 949 1938 gladii.
973 1877 1089 1922 Nam
1111 1891 1217 1922 cum
1237 1875 1295 1922 ab
1312 1875 1425 1922 hora
1447 1875 1534 1922 diei
1556 1876 1692 1923 tertia
1709 1881 1839 1923 actor

433 1950 595 2014 pedes,
625 1951 731 2014 quia
763 1967 868 1999 cum
903 1968 1025 2014 equo
1057 1951 1325 1999 indomabili
1357 1968 1575 2015 campum
1602 1952 1838 2016 ingressus

432 2028 599 2084 fuerat,
620 2044 754 2075 reum
771 2028 933 2075 fuisset
949 2029 1200 2085 insecutus,
1219 2029 1408 2076 tandem
1426 2028 1690 2092 percipiens
1710 2029 1837 2092 quod

434 2104 586 2151 calore
607 2104 744 2151 nimis
769 2105 1018 2152 suffocatus
1039 2105 1097 2152 ad
1118 2111 1290 2152 terram
1312 2106 1559 2169 incipiebat
1584 2105 1833 2164 declinare,

434 2186 545 2227 tunc
569 2196 676 2228 eum
705 2197 791 2244 per
817 2181 985 2228 collum
1011 2181 1239 2245 arripiens
1265 2198 1408 2244 super
1433 2182 1647 2230 sabulum
1672 2182 1838 2247 adjecit

435 2257 710 2320 precipitem
733 2263 779 2304 et
804 2257 869 2304 sic
894 2258 1099 2305 duellum
1125 2263 1367 2322 peractum
1389 2260 1507 2305 est3.

501 2336 613 2383 322.
647 2362 710 2370 --
744 2338 839 2381 Isto
867 2351 1011 2393 anno,
1048 2335 1224 2382 famosa
1259 2334 1421 2382 civitas
1454 2335 1674 2383 Descallie
1703 2342 1836 2399 capta

435 2410 521 2457 fuit
546 2425 632 2473 per
655 2410 862 2458 inclitum
893 2427 1054 2475 regem
1080 2411 1239 2475 Cypri,
1270 2411 1438 2459 auxilio
1464 2411 1661 2459 fratrum
1683 2412 1836 2460 Sancti

436 2486 655 2534 Johannis
695 2487 753 2534 de
797 2487 1049 2535 Jerusalem
1097 2505 1149 2535 ac
1192 2488 1397 2552 plurium
1439 2488 1661 2537 nobilium
1705 2489 1836 2553 regni

486 2645 519 2679 1.
543 2643 598 2679 Cf.
624 2643 783 2680 Grandes
804 2644 1039 2690 CIzroMques,
1062 2649 1089 2680 t.
1113 2644 1182 2691 VI,
1204 2656 1240 2692 p.
1262 2645 1344 2681 224.

484 2702 518 2737 ⁵2.
542 2701 595 2737 Cf.
619 2702 885 2738 Continuateur
905 2704 945 2738 de
966 2704 1174 2740 Guillaume
1193 2705 1234 2739 de
1253 2704 1406 2749 Narzgyis,
1429 2708 1456 2740 t.
1480 2703 1531 2750 ΙΙ,
1550 2715 1586 2751 p.
1610 2704 1692 2740 317.

488 2761 519 2796 3.
545 2762 617 2797 Les
639 2761 798 2797 Grandes
821 2762 1056 2808 Chroniques,
1080 2763 1145 2810 qui
1164 2767 1387 2809 rapportent
1408 2773 1451 2800 ce
1472 2762 1537 2799 fait
1556 2773 1718 2810 presque
1739 2763 1833 2799 dans

440 2821 494 2856 les
513 2822 660 2855 memes
681 2825 837 2866 termes,
858 2820 892 2855 le
912 2820 1032 2856 fixent
1054 2831 1101 2857 au
1121 2823 1173 2857 10¹·
1189 2821 1314 2868 juillet
1335 2821 1437 2858 1361.
