2060 3345
318 295 421 343 1359]
542 299 747 332 RICHARDI
776 299 902 332 SCOTI
931 298 1139 332 CHRONIGI
1167 298 1476 332 CONTINUATIO.
1650 298 1712 334 141

315 379 495 434 titutus,
514 394 620 425 cum
635 376 846 424 hostibus
863 378 1005 424 multa
1022 378 1225 441 dampna
1240 377 1468 425 intulisset
1488 376 1718 424 reiteratis

315 453 494 501 vicibus
511 453 754 501 ettandem
769 453 897 500 febre
915 460 1158 517 correptus
1171 454 1215 501 in
1232 471 1316 501 suo
1334 453 1519 518 tugurio
1538 470 1643 501 cum
1659 453 1717 500 ab

314 547 461 578 uxore
486 530 665 578 audiret
685 530 842 576 hostes
863 546 1107 577 accurrere
1133 530 1190 578 ad
1218 548 1324 578 eum
1346 529 1719 578 interficiendum

314 614 360 654 et
385 607 636 670 resumptis
659 606 836 653 viribus
863 623 966 653 cum
995 607 1257 669 ponderosa
1285 607 1416 664 astia,
1441 607 1720 670 quibusdam

312 701 370 731 ex
387 684 471 731 hiis
489 683 669 738 occisis,
687 689 866 730 ceteros
887 683 1047 746 fugere
1068 683 1386 746 compulisset,
1408 684 1561 731 calore
1575 683 1718 730 nimio

312 777 519 823 pressus,
555 776 723 822 aquam
755 759 972 823 frigidam
1003 760 1399 807 abundantissime
1438 760 1555 808 bibit
1595 759 1719 808 unde

312 836 427 883 infra
454 853 627 899 paucos
653 835 752 883 dies
779 842 991 884 mortuus
1015 841 1102 884 est.

378 912 488 959 304.
512 941 575 948 —
596 914 807 960 Castrum
834 912 892 960 de
917 913 1194 961 Roussiaco¹
1216 913 1274 960 ab
1299 913 1503 976 Anglicis
1530 918 1719 976 captum

309 995 396 1036 est,
412 993 476 1037 De
491 989 701 1037 Credolio
716 989 855 1036 etiam
875 995 1116 1047 exeuntes,
1131 995 1319 1052 recepta
1340 989 1513 1054 ingenti
1538 1006 1720 1036 summa

310 1066 522 1128 pecunie,
538 1066 732 1129 opidum
743 1068 907 1113 Sancte
920 1066 1171 1122 Maxencie‚
1185 1066 1340 1112 villam
1354 1065 1411 1112 de
1426 1066 1719 1114 Claromonte

310 1142 355 1189 in
382 1142 661 1190 Bellovicino
692 1143 833 1190 multa
860 1159 1048 1206 quoque
1075 1142 1357 1190 monasteria
1387 1148 1433 1189 et
1458 1142 1557 1189 loca
1584 1143 1720 1190 fortia

310 1217 354 1264 in
381 1217 663 1282 Andegavie,
695 1218 912 1275 Turonie,
940 1218 1142 1266 Pictavie
1169 1223 1213 1265 et
1238 1217 1555 1266 Aurelianensi
1586 1217 1719 1281 pagis

309 1294 488 1358 predati
518 1300 641 1352 sunt,
667 1294 1026 1342 combusserunt
1051 1300 1098 1342 et
1123 1295 1358 1343 solotenus
1382 1295 1718 1342 destruxerunt

309 1371 432 1418 unde
449 1377 657 1436 agrestes
677 1372 804 1419 acole
819 1389 911 1419 non
925 1371 1162 1418 immerito
1181 1372 1350 1428 territi,
1371 1371 1497 1434 quod
1512 1386 1719 1434 unquam

308 1448 462 1496 visum
488 1448 654 1505 fuerat,
680 1454 839 1512 pastus
870 1450 1075 1496 annuos2
1095 1449 1308 1496 hostibus
1335 1448 1516 1496 solvere
1542 1447 1719 1512 promi-

309 1530 469 1572 serunt
495 1531 544 1572 ut
570 1525 637 1572 sic
662 1531 853 1588 possent
878 1525 1068 1588 pacifice
1094 1525 1375 1589 agriculture
1402 1541 1584 1572 vacare.

376 1605 486 1649 305.
515 1630 578 1637 —
604 1602 782 1667 Anglici
809 1602 887 1665 qui
913 1609 1118 1650 castrum
1144 1602 1245 1649 Mali
1279 1602 1493 1651 Consilii3
1521 1618 1720 1664 occupa-

308 1676 420 1724 bant
439 1677 549 1725 illud
568 1694 656 1741 pro
678 1678 852 1742 ingenti
868 1678 1066 1741 pecunia
1086 1677 1479 1725 Noviomensibus
1501 1677 1719 1725 reddide-

307 1760 416 1800 runt
447 1771 553 1801 cum
584 1755 838 1817 adjacentia
875 1755 971 1802 loca
1010 1761 1055 1802 et
1088 1755 1349 1818 specialiter
1385 1754 1719 1801 monasterium

306 1831 592 1894 Ursicampi4
610 1832 655 1878 in
672 1838 805 1895 parte
825 1831 1028 1879 maxima
1045 1831 1412 1888 destruxissent3
1437 1831 1563 1894 quod
1585 1831 1720 1894 oppi-

308 1908 420 1955 dum
437 1910 744 1973 compatriote
763 1909 1068 1973 postmodum
1089 1909 1426 1958 destruxerunt
1446 1926 1504 1956 ne
1522 1909 1721 1973 amplius

308 1991 430 2031 esset
455 1986 800 2048 receptaculum
826 1985 1052 2033 hostium.

375 2064 485 2109 306,
515 2090 577 2098 —
607 2066 745 2110 Juxta
776 2065 969 2109 Pontem
1002 2063 1154 2110 Sancti
1188 2062 1463 2119 Audomari,
1496 2062 1719 2110 Normani

306 2144 469 2185 contra
488 2138 704 2202 Anglicos
723 2138 965 2186 infeliciter
982 2144 1308 2203 pugnaverunt
1325 2144 1371 2186 et
1391 2139 1594 2186 infausto
1612 2155 1719 2185 con-

307 2214 433 2263 ssictu
454 2215 670 2263 dominus
690 2215 957 2263 Guillelmus
983 2216 1201 2273 Marcelli,
1225 2215 1488 2264 Ludovicus
1508 2215 1566 2263 de
1588 2215 1719 2263 Hari-

356 2364 389 2398 1.
414 2362 564 2410 Roucy⁷
587 2362 726 2410 Aisne,
748 2374 822 2398 arr.
846 2363 890 2399 de
913 2363 1032 2409 Laon,
1057 2368 1160 2401 cant.
1183 2363 1227 2401 de
1259 2362 1716 2401 Neufchatel-sur-Aisne

310 2421 369 2467 (cf.
392 2422 598 2468 Froissart,
620 2428 647 2457 t.
672 2422 721 2469 V,
743 2433 779 2469 p.
803 2422 883 2469 ⁴137,
906 2427 943 2458 et
965 2423 1235 2459 Continuateur
1254 2425 1295 2459 cle
1322 2425 1531 2462 Guellaame
1552 2424 1593 2458 cle
1613 2423 1717 2459 Ncm-

307 2482 373 2525 92'3,
398 2486 424 2516 t.
448 2481 500 2527 Π,
522 2493 557 2528 p.
580 2482 675 2528 5295).

355 2540 389 2575 ⁶2.
412 2540 484 2576 Ms.
506 2552 639 2577 annos.

356 2600 388 2636 3.
412 2600 467 2635 La
498 2600 703 2637 forteresse
735 2600 780 2636 de
812 2601 1050 2637 Mauconseil
1083 2602 1177 2638 etait
1211 2601 1334 2638 situec
1366 2602 1453 2648 pres
1487 2600 1532 2637 de
1562 2601 1715 2648 Noyon,

309 2657 413 2706 Oise,
437 2671 512 2696 arr.
535 2660 581 2696 de
602 2660 854 2707 Compiegne.

356 2719 389 2754 4.
413 2717 638 2766 Omseamp,
669 2719 814 2767 abbaye
844 2719 1054 2756 d'hommes
1083 2720 1129 2757 dc
1164 2720 1301 2757 l'ordre
1330 2720 1375 2756 de
1403 2720 1580 2765 Cito-aux,
1612 2719 1715 2762 Oiso,

311 2788 386 2814 arr.
409 2777 453 2814 (le
475 2779 722 2826 Compiegne‚
745 2784 847 2816 cant.
872 2779 917 2815 de
940 2779 1161 2817 Ribecourt.
