2060 3345
297 305 402 351 1358]
524 309 730 341 RICHARDI
757 308 885 341 SCOTI
912 310 1119 343 CHRONICI
1147 310 1454 343 CONTINUATIO.
1626 306 1689 342 1⁶23

829 428 870 472 M
889 427 990 474 CCC
1005 429 1155 474 LVIII.

358 532 469 579 274.
506 559 567 567 -
601 532 734 578 Anno
767 531 947 578 Domini
983 531 1035 578 M⁰
1049 532 1155 580 ccc⁰
1171 532 1315 587 Lv111⁰‚
1350 532 1566 579 dominus
1597 530 1692 578 dux

292 622 479 671 regens,
509 608 569 654 ob
591 623 750 654 necem
775 607 1150 655 marescallorum
1172 609 1454 673 indignatus,
1483 608 1541 655 de
1568 607 1693 655 Pari-

292 686 388 733 sius
423 684 598 738 exiens,
631 684 715 730 ivit
740 684 1077 746 Compendium
1104 690 1150 732 et
1175 685 1282 733 inde
1309 685 1504 732 tendens
1534 684 1693 732 Pruvi-

292 777 421 816 num,
439 759 642 806 evocatis
660 759 1071 821 Campanensibus,
1096 777 1201 808 cum
1222 761 1279 807 de
1300 761 1564 824 prestandis
1584 762 1695 809 sub-

291 836 419 882 sidiis
446 834 729 881 mentionem
755 834 956 891 fecisset,
986 835 1139 882 intulit
1165 853 1222 882 ne
1248 837 1529 883 mirarentur
1554 853 1695 900 super

290 912 376 959 hiis
402 928 492 974 que
516 911 634 958 facta
657 911 839 959 fuerant
861 911 1061 958 Parisius
1088 928 1194 959 cum
1219 913 1499 960 parisienses
1524 914 1696 977 magis-

288 994 415 1035 trum
449 987 707 1035 Robertum
740 987 797 1034 de
828 987 1021 1034 Corbeia
1057 993 1103 1034 et
1138 988 1379 1035 dominum
1415 992 1603 1036 Petrum
1635 989 1692 1036 de

288 1062 492 1111 Roniaco
516 1061 574 1108 ad
601 1067 881 1108 conventum
904 1062 1027 1109 hunc
1052 1062 1287 1110 misissent
1307 1064 1383 1125 qui
1412 1064 1540 1126 ipsos
1560 1070 1693 1127 pote-

289 1144 394 1185 rant
427 1154 648 1185 excusare
684 1139 762 1201 qui
794 1155 900 1185 cum
932 1139 991 1185 nil
1028 1139 1150 1186 aliud
1186 1139 1412 1186 dixissent
1448 1140 1531 1186 nisi
1566 1141 1693 1203 quod

288 1214 569 1262 parisienses
605 1217 946 1278 Campanenses
987 1215 1240 1278 diligebant
1278 1223 1326 1263 et
1371 1233 1475 1263 cum
1523 1217 1695 1263 scirent

289 1307 450 1338 causas
492 1291 736 1337 occisionis
778 1291 1174 1347 marescallorum,
1219 1291 1438 1338 unionem
1480 1308 1585 1339 cum
1627 1292 1694 1340 eis

288 1367 459 1414 habere
496 1367 764 1413 affectarent
802 1367 860 1414 de
895 1383 1123 1414 consensu
1160 1367 1369 1414 omnium
1407 1370 1696 1431 Campanen-

289 1444 425 1490 sium.
451 1445 616 1491 Comes
643 1443 907 1499 Brenensis‚
932 1444 1120 1490 oraculo
1147 1444 1252 1490 vive
1270 1444 1417 1501 vocis,
1447 1444 1691 1492 dominum

288 1520 454 1567 ducem
480 1519 612 1582 petiit
638 1520 675 1566 si
702 1536 887 1567 causam
916 1520 1053 1567 sciret
1079 1520 1324 1567 occisionis
1356 1537 1537 1567 eorum.
1569 1524 1691 1578 Quo-

288 1612 393 1644 rum
425 1612 529 1643 cum
558 1596 829 1644 fidelitatem
862 1597 1017 1644 multis
1050 1597 1263 1644 laudibus
1296 1597 1688 1652 commendasset,

288 1689 444 1720 comes
479 1672 628 1735 inquit
672 1690 680 1718 :
725 1692 744 1716 (ι
782 1677 846 1720 De
877 1673 1001 1719 bono
1035 1673 1302 1720 testimonio
1335 1680 1519 1728 vestro,
1560 1673 1695 1720 vobis

287 1749 459 1814 gratias
498 1751 838 1812 Campanenses
877 1749 1145 1813 [reddunt]‚
1185 1756 1428 1813 sperantes
1467 1751 1593 1812 quod
1635 1750 1693 1797 de

286 1826 457 1890 injusto
478 1826 651 1873 scelere
673 1832 961 1889 perpetrato,
984 1832 1121 1889 capto
1143 1833 1372 1889 tempore,
1398 1826 1573 1873 facietis
1599 1827 1692 1890 jus-

286 1902 390 1949 ticie
417 1903 839 1965 complementum3
875 1922 895 1947 2>
927 1903 1084 1965 sicque
1114 1902 1396 1965 colloquium
1424 1902 1534 1950 illud
1568 1904 1692 1950 solu-

286 1984 386 2025 tum
407 1979 525 2025 est¹.

352 2054 463 2104 272.
487 2083 551 2090 —-
574 2058 675 2102 Dux
702 2070 815 2101 vero
836 2054 944 2101 inde
964 2055 1189 2103 recedens
1213 2061 1258 2103 et
1280 2056 1565 2103 Monsterioli
1593 2073 1693 2104 cas-

287 2137 410 2178 trum
443 2131 568 2193 quod
598 2131 871 2178 auctoritate
906 2132 1064 2195 regine
1099 2133 1315 2189 Blanche,
1355 2133 1531 2180 sororis
1566 2134 1690 2197 regis

284 2211 505 2263 Navarre‚
538 2208 829 2263 servabatur,
864 2214 1061 2270 propter
1086 2207 1366 2271 denegatum
1404 2208 1491 2256 sibi
1526 2209 1691 2256 introi-

284 2289 401 2338 tum,
430 2283 476 2329 in
504 2299 644 2329 manu
674 2299 755 2329 sua
790 2299 987 2344 ponens,
1018 2283 1177 2330 Meldis
1203 2283 1454 2340 ducissam,
1491 2301 1689 2332 uxorem

285 2375 433 2415 suam,
472 2358 691 2414 visitavit,
734 2374 874 2420 quam
908 2359 1117 2405 custodie
1157 2360 1338 2406 comitis
1373 2360 1432 2407 dc
1470 2360 1689 2424 Jogniaco

284 2434 589 2497 deputaverat
603 2434 768 2496 cuique
781 2435 1012 2482 ,Iohannes
1027 2434 1177 2482 dictus
1192 2436 1355 2483 Solacii
1366 2474 1376 2493 ‚
1397 2436 1546 2500 major
1559 2437 1684 2492 ville,

284 2510 545 2574 ingressum
590 2511 718 2557 urbis
756 2511 929 2558 invitus
964 2519 1258 2559 concesserat
1299 2513 1443 2559 verba
1484 2513 1684 2575 quedam

284 2587 614 2633 contumeliosa
647 2587 891 2650 proferens
920 2588 1144 2634 offensam
1172 2588 1274 2636 duci
1303 2589 1499 2636 civiliter
1526 2605 1685 2635 emen-

332 2716 364 2751 1.
388 2714 495 2751 Cette
522 2715 711 2762 premiere
742 2715 904 2751 reunion
934 2720 998 2752 eut
1026 2715 1102 2752 lieu
1129 2716 1163 2753 le
1193 2717 1236 2753 10
1262 2717 1356 2754 avril
1386 2717 1474 2754 1358
1506 2717 1685 2764 (Grandes

285 2776 518 2820 clm-omques,
544 2779 567 2811 t.
596 2775 663 2822 VI,
684 2787 719 2822 p.
743 2775 904 2819 99-102).
