2060 3345
423 316 488 351 448
656 318 861 351 RICHARDI
888 316 1015 350 SCOTI
1043 316 1250 350 CHRONICI
1278 317 1585 352 CONTINUATIO.
1709 316 1810 363 [1361

419 398 499 445 Die
517 413 629 445 vero
646 396 873 459 sequenti,
897 411 1002 442 cum
1019 411 1162 458 super
1181 396 1323 444 altare
1341 396 1580 444 Martirum
1599 396 1692 444 duo
1716 398 1815 444 olo—

418 474 561 520 serica
582 472 716 536 pallia
742 489 855 519 auro
878 476 1006 519 texta
1030 471 1317 535 totidemque
1342 489 1483 535 super
1503 472 1651 536 majus
1672 473 1815 520 altare

416 556 462 596 ct
482 550 674 596 totidem
691 565 832 611 super
848 549 991 595 altare
1010 548 1259 604 Trinitatis,
1277 549 1408 595 flexis
1422 549 1634 613 genibus,
1654 556 1815 598 contu-

413 625 556 682 lisset,
585 625 744 672 altaria
765 624 932 673 deinde
958 625 1110 673 Sancti
1136 624 1305 688 Ypoliti
1331 630 1378 671 et
1405 625 1557 672 Sancti
1584 626 1814 673 Eustachii

412 701 666 764 decemque
686 701 883 764 capellas
900 701 1060 764 capicii
1075 700 1177 765 (sic)
1193 718 1298 748 cum
1318 701 1563 748 devotione
1585 718 1751 765 magna
1769 708 1815 749 et

410 792 502 823 non
525 777 623 823 sine
649 776 850 824 lacrimis
875 776 1095 834 visitavit,
1123 793 1265 839 super
1283 777 1426 823 altare
1450 776 1814 840 uniuscujusque

408 852 580 914 capelle
605 866 671 900 XX
690 858 905 900 mutones
930 852 1030 901 auri
1050 867 1116 900 xx
1138 851 1280 900 libras
1306 851 1587 916 parisienses
1606 852 1812 900 valentes

407 928 665 975 offerendo.

473 1007 584 1051 347.
614 1033 677 1040 —
701 1008 821 1053 Dum
846 1011 1001 1054 autem
1026 1022 1111 1052 rex
1137 1005 1183 1052 in
1216 1004 1380 1053 eadem
1411 1004 1603 1052 ecclesia
1637 1004 1811 1053 reside-

405 1084 493 1137 ret,
517 1096 601 1127 rex
620 1082 825 1128 Navarre
844 1081 975 1144 prius
996 1080 1147 1128 missis
1168 1097 1254 1144 pro
1273 1080 1343 1128 sui
1369 1080 1615 1128 securitate
1635 1079 1811 1127 obsidi-

404 1156 514 1213 bus,
558 1157 617 1204 ad
658 1173 765 1204 eum
803 1157 1028 1204 accedens
1072 1157 1305 1204 humiliter
1345 1156 1494 1204 eidem
1542 1156 1811 1221 homagium

404 1233 637 1281 fidelitatis
685 1233 811 1297 quod
864 1233 1146 1296 aliquamdiu
1194 1233 1346 1280 facere
1392 1239 1612 1280 renuerat
1651 1233 1809 1281 dicens

403 1310 529 1371 quod
554 1327 808 1373 numquam
839 1309 1114 1357 forefecerat
1140 1316 1301 1358 contra
1328 1309 1532 1372 primum
1559 1309 1805 1367 exibitum,

403 1402 595 1434 suorum
638 1387 828 1434 tandem
869 1386 1123 1433 monitione
1165 1385 1374 1432 exhibuit
1390 1423 1400 1442 ,
1448 1401 1591 1448 super
1629 1387 1809 1448 Corpus

402 1462 566 1510 Christi
600 1464 762 1527 jurans
800 1463 927 1526 quod
960 1463 1017 1510 de
1050 1468 1205 1509 cetero
1242 1461 1329 1508 sibi
1363 1461 1635 1509 fidelitatem
1661 1462 1809 1509 invio-

401 1538 597 1587 labiliter
617 1547 844 1588 servaret.
868 1542 982 1588 Cum
1007 1556 1091 1586 rex
1112 1539 1263 1586 eidem
1290 1538 1431 1586 etiam
1450 1538 1657 1603 jurasset
1681 1538 1804 1601 quod

400 1615 489 1678 ipsi
539 1616 596 1663 de
647 1623 801 1663 cetero
850 1616 1138 1680 paternalem
1196 1615 1490 1662 dilectionem
1545 1615 1804 1670 exhiberet,

400 1698 502 1738 xma
527 1691 602 1738 die
622 1692 756 1755 hujus
782 1692 957 1738 mensis
983 1691 1184 1738 Parisius
1209 1708 1235 1737 a
1259 1691 1437 1738 cunctis
1467 1691 1533 1738 sic
1555 1691 1808 1738 honorifice

400 1772 615 1829 receptus
635 1773 705 1814 est
730 1783 782 1814 ac
807 1767 844 1814 si
872 1767 930 1814 de
954 1784 1075 1814 nova
1101 1766 1427 1814 coronatione1
1457 1783 1539 1814 sua
1561 1766 1761 1814 venisset
1782 1784 1807 1813 a

399 1842 579 1890 civibus
599 1860 785 1906 quoque
803 1843 952 1908 jocale
973 1844 1134 1891 vinum
1155 1842 1331 1906 recepit
1352 1843 1522 1891 valoris
1542 1843 1664 1890 mille
1684 1859 1808 1890 mar-

399 1935 559 1966 carum
584 1919 781 1984 argenti.

960 2022 1000 2068 M
1019 2021 1120 2068 CCC
1137 2022 1250 2068 LXI.

467 2146 515 2190 34
532 2146 576 2190 8.
606 2171 668 2179 —-
694 2145 826 2191 Anno
852 2144 1032 2191 Domini
1065 2143 1118 2192 M⁰
1133 2144 1237 2193 CCC⁰
1253 2143 1368 2201 ΒΧΓ),
1392 2145 1623 2192 tractatu²
1643 2145 1805 2192 ambo-

400 2236 505 2267 rum
525 2237 689 2284 regum
713 2221 884 2284 ubique
907 2237 1021 2268 voce
1049 2220 1269 2284 preconia
1296 2220 1530 2284 publicato
1553 2221 1600 2267 in
1626 2221 1804 2268 cunctis

400 2296 708 2344 tabernaculis
758 2297 988 2354 fidelium,
1041 2313 1147 2345 cum
1202 2297 1476 2345 exuberanti
1523 2296 1664 2344 letitia
1710 2314 1804 2344 vox

401 2431 545 2478 l'eglise
567 2431 836 2475 Saint-DeniS,
857 2443 905 2468 en
926 2432 1089 2479 quelque
1111 2432 1187 2468 lieu
1208 2444 1256 2468 ou
1276 2432 1450 2478 chapelle
1471 2431 1581 2478 qu’ilz
1601 2443 1639 2468 se
1659 2432 1802 2477 facent,

402 2490 696 2536 appartiennent
723 2491 745 2525 a
766 2491 899 2536 l'abbe,
924 2497 962 2527 et
982 2491 1016 2526 le
1038 2502 1105 2537 roy
1125 2491 1267 2537 Jehan,
1289 2490 1416 2538 quand
1436 2490 1463 2526 il
1484 2491 1608 2527 revint
1629 2490 1802 2537 d'Engle-

401 2554 502 2585 terre
533 2560 581 2585 en
619 2549 790 2595 France,
823 2550 919 2596 offry
958 2560 1007 2585 en
1045 2550 1220 2586 chacune
1253 2550 1425 2596 chapelle
1457 2549 1502 2585 de
1535 2549 1650 2585 ladite
1683 2549 1802 2596 eglise

401 2618 419 2641 c
446 2612 641 2653 montonS,
670 2607 836 2653 lesquelz
868 2613 997 2644 receut
1024 2607 1146 2644 l‘ahbe
1174 2608 1239 2655 qui
1265 2608 1344 2644 lors
1369 2607 1483 2644 estoit
1505 2620 1521 2641 »
1546 2605 1679 2651 (Arch.
1703 2611 1799 2653 nat„

403 2665 463 2700 LL
486 2665 590 2711 1209,
613 2666 771 2711 fOL19).

450 2726 483 2760 1.
507 2725 579 2760 Ms.
603 2736 744 2761 corone.

451 2784 484 2819 2.
508 2785 579 2820 Ms.
604 2788 772 2820 tractato.
