2060 3345
340 318 440 365 1362]
567 321 773 354 RICHARDI
800 322 927 355 SCOTI
955 322 1162 356 CHRONICI
1189 323 1496 356 CONTINUATIO.
1668 320 1734 356 155

335 402 500 450 turrim
517 402 777 449 construxit
789 402 1060 450 altissimam
1075 403 1120 450 in
1137 420 1227 466 qua
1242 419 1474 466 reponens
1491 402 1736 450 thesauros

333 479 519 527 divisim
545 495 663 542 quos
689 479 809 526 bello
829 479 1123 541 acquisierat,
1150 480 1340 544 singulis
1361 479 1567 544 singulos
1587 479 1738 527 domi-

335 571 420 601 nos
447 554 654 618 captivos
682 554 919 617 applicans
945 556 1086 602 armis
1110 556 1314 619 propriis
1338 555 1582 619 insignitos
1608 555 1737 619 pingi

335 630 442 678 fecit
461 630 518 677 ad
539 630 895 677 ostentationem
913 631 1075 694 glorie,
1101 637 1147 678 et
1166 631 1389 694 quamdiu
1413 632 1559 679 vitam
1584 631 1734 688 duxit,

333 708 421 754 hoc
434 712 788 754 monumentum
798 707 1045 770 probitatis
1056 707 1302 772 diligenter
1312 708 1593 765 custodiens,
1608 714 1738 757 exte-

330 783 396 831 ris
422 783 576 830 missis
602 783 660 830 ad
686 799 794 830 eum
819 788 1041 846 tanquam
1062 784 1451 847 pretiosissimum
1471 791 1516 832 et
1539 784 1738 849 speciale

325 860 474 924 jocale
498 859 792 908 ostendebat.

398 939 508 983 333.
535 964 599 971 —
623 936 860 984 Predones
885 935 965 999 qui
990 951 1075 999 per
1094 937 1335 985 Franciam
1360 937 1588 986 hostiliter
1606 954 1738 1003 gras-

330 1012 553 1061 sabantur
569 1012 804 1061 civitatem
821 1012 1140 1061 Aureliensem
1157 1013 1330 1061 frustra
1347 1013 1405 1061 de
1423 1020 1558 1062 nocte
1571 1031 1737 1079 capere

331 1095 680 1154 temptaverunt
690 1089 727 1136 1.

398 1166 508 1213 334.
529 1194 592 1201 —
609 1166 832 1224 Quidam2
846 1166 1080 1214 Robertus
1096 1170 1356 1230 Marquant,
1378 1167 1568 1215 dolosus
1589 1168 1737 1231 predo

329 1243 560 1306 publicus,
581 1243 661 1306 qui
688 1248 894 1290 castrum
910 1242 1138 1300 Vindocii,
1163 1245 1369 1307 pecuniis
1393 1245 1628 1301 allectus3,
1646 1251 1740 1291 tra-

329 1320 526 1376 diderat,
558 1320 604 1367 in
631 1336 753 1384 pago
774 1320 1137 1369 Cenomanensi4
1158 1327 1363 1368 castrum
1389 1322 1574 1369 nomine
1600 1325 1740 1369 Tout-

328 1398 473 1460 voye5
495 1413 663 1460 capere
684 1396 876 1459 cupiens
897 1397 1234 1455 fraudulenter,
1265 1414 1371 1445 cum
1392 1398 1576 1445 modica
1595 1398 1740 1444 comi-

328 1473 424 1520 tiva
466 1474 557 1521 huc
600 1473 827 1522 accedens
872 1478 919 1521 et
962 1474 1181 1522 custodes
1225 1475 1492 1523 nominibus
1534 1475 1739 1538 propriis

329 1567 518 1608 vocans,
538 1551 656 1598 dixit
673 1568 722 1598 se
742 1551 817 1598 hic
827 1551 1070 1598 advenisse
1091 1568 1184 1599 non
1205 1552 1463 1615 aliqualiter
1483 1552 1548 1599 eis
1570 1568 1739 1599 nocen-

329 1627 459 1684 dum,
489 1645 662 1693 rogans
686 1634 739 1676 ut
764 1628 852 1675 sibi
885 1628 1127 1676 introitum
1153 1628 1336 1676 darent.
1372 1629 1461 1676 Sed
1489 1629 1738 1692 oppidani6

329 1705 641 1768 percipientes
687 1705 878 1753 insidias
913 1722 1029 1768 quas
1065 1706 1111 1752 in
1148 1706 1421 1753 nemoribus
1461 1706 1739 1769 propinquis

328 1782 628 1845 relinquerat,
647 1782 804 1830 'statim
822 1782 1180 1846 sophisticantes
1194 1789 1390 1846 pontem
1413 1783 1676 1830 levaturum
1695 1788 1741 1831 et

327 1858 615 1920 deponentes
637 1858 823 1905 cavillas
844 1875 935 1922 que
955 1865 1114 1921 postes
1134 1859 1291 1922 pontis
1308 1864 1352 1906 et
1371 1875 1552 1906 asseres
1569 1859 1740 1907 retine-

328 1933 456 1991 bant,
488 1950 545 1980 ne
574 1934 843 1981 volveretur
868 1935 915 1981 in
943 1934 1193 1992 declivum,
1223 1935 1378 1999 ipsum
1405 1940 1600 1998 pontem
1626 1935 1740 1982 infe-

327 2010 425 2058 rius
446 2010 749 2058 demiserunt.
773 2014 919 2069 Quem
946 2027 1057 2058 mox
1083 2011 1318 2060 Robertus
1349 2010 1606 2058 ascendens
1633 2027 1739 2058 cum

327 2102 408 2137 XVI
435 2087 589 2144 sociis,
615 2087 726 2135 dum
744 2087 788 2134 in
815 2087 970 2135 medio
988 2088 1143 2152 pontis
1164 2094 1313 2146 erant,
1336 2089 1495 2136 caville
1519 2105 1609 2151 que
1627 2088 1739 2135 false

328 2170 460 2212 erant
485 2164 719 2212 confracte
746 2171 854 2212 sunt
871 2170 1123 2229 postesque
1149 2165 1306 2229 pontis
1331 2181 1390 2212 ex
1416 2182 1506 2213 una
1532 2171 1665 2228 parte
1689 2182 1738 2212 se

326 2240 373 2287 in
400 2241 545 2288 altum
570 2240 806 2297 exierunt;
837 2247 882 2288 et
908 2241 974 2289 sic
993 2241 1146 2290 dictus
1170 2242 1403 2291 Robertus
1429 2248 1474 2290 et
1500 2241 1610 2289 socii
1638 2241 1737 2306 ejus

375 2387 409 2423 ¹1.
433 2385 593 2432 D'apres
619 2385 719 2422 Jean
746 2385 791 2422 de
814 2386 981 2423 Venette
1009 2388 1048 2432 (t.
1070 2387 1123 2434 ΙΙ,
1145 2398 1181 2434 p.
1205 2387 1302 2434 325),
1324 2392 1426 2424 cette
1451 2387 1639 2424 tentative
1670 2392 1735 2424 eut

327 2444 404 2480 lieu
426 2445 460 2480 le
482 2445 526 2481 30
546 2456 650 2480 mars
676 2444 777 2481 1363.

373 2504 408 2539 ⁶2.
432 2504 503 2539 Ms.
526 2505 687 2549 quidem.

374 2562 407 2599 3.
432 2562 503 2598 Ms.
527 2565 683 2598 illectus.

373 2623 408 2658 4.
431 2622 503 2657 Ms.
526 2623 809 2658 Ncnomanensi.

376 2681 408 2715 5.
431 2680 602 2717 Cliaitcau
631 2681 675 2717 de
698 2680 881 2723 Touvoie,
907 2680 1060 2724 Sarthe,
1084 2693 1159 2718 arr.
1183 2687 1221 2718 ct
1241 2688 1344 2719 cant.
1368 2682 1417 2718 du
1440 2682 1566 2727 Mans,
1589 2692 1728 2717 comm.

329 2738 373 2775 (lc
399 2729 790 2786 Savigne-l’Eveque.

379 2800 410 2833 (j.
436 2798 507 2834 Ms.
531 2800 717 2844 oppidum.
