2060 3345
417 358 482 394 11ss
649 360 853 393 alcimum
882 358 1008 390 scoT1
1037 358 1242 390 cimorum
1272 358 1578 403 conrmuATio.
1703 356 1806 402 [1357

416 440 659 491 Villaribus
679 444 725 484 et
751 453 968 500 magnum
993 437 1260 484 numerum¹
1291 437 1499 484 virorum
1524 443 1809 484 armatorum

416 524 524 564 tunc
549 515 672 562 misit
697 513 776 575 qui
796 519 948 559 tamen
972 511 1107 559 nichil
1130 513 1426 575 proficientes
1451 513 1635 575 penitus
1661 513 1811 560 redie-

414 597 538 639 runt.
574 593 629 637 Et
661 589 766 651 quia
799 588 894 635 dux
925 589 1189 645 Normanie,
1227 589 1284 636 de
1319 589 1391 635 die
1423 589 1469 635 in
1505 589 1629 636 diem
1665 606 1810 636 novos

413 667 592 730 pugiles
629 664 875 727 recipiens,
906 680 986 711 eos
1014 664 1165 711 locare
1197 665 1392 711 faciebat
1416 665 1462 711 in
1488 664 1682 727 villagiis
1704 664 1810 711 ville

412 740 656 788 parisiensi
692 739 936 803 contiguis,
972 739 1140 787 timens
1173 740 1438 803 prepositus
1475 746 1807 794 mercatorum,

412 824 460 865 ut
478 817 678 873 dicebat,
703 832 761 862 ne
779 816 824 862 in
842 816 945 862 ville
966 815 1273 879 prejudicium
1294 816 1380 862 hoc
1399 816 1548 871 fieret,
1570 833 1684 863 voce
1706 832 1812 879 pre-

412 894 542 941 conia
568 892 685 939 dixit
710 898 759 939 ut
784 892 863 954 qui
889 892 1043 938 villam
1070 892 1322 956 diligebant
1347 909 1406 939 ex
1431 909 1569 939 azuro
1595 898 1641 940 et
1665 892 1812 939 rubeo

412 971 667 1017 defferrent
686 968 874 1032 capucia
892 974 1145 1032 portasque
1166 968 1293 1015 urbis
1309 968 1443 1032 jussit
1463 969 1812 1032 diligentissime

412 1046 651 1094 custodiri.
690 1045 821 1103 Quod
855 1044 1046 1091 audiens
1081 1044 1297 1092 dominus
1331 1062 1388 1091 ne
1423 1044 1529 1092 inde
1563 1044 1813 1092 seditiones

411 1123 645 1170 orirentur
659 1121 704 1167 in
719 1120 966 1183 domipolis
984 1120 1106 1184 (sic),
1126 1120 1304 1167 civibus
1317 1121 1536 1177 evocatis,
1556 1121 1670 1168 dixit
1686 1120 1811 1183 quod

413 1216 504 1246 non
537 1197 818 1245 mirarentur
844 1196 1063 1258 quoniam
1099 1196 1157 1243 ad
1189 1196 1507 1259 repellandum
1538 1197 1695 1244 hostes
1726 1196 1814 1244 hoc

412 1274 628 1338 agebant.
653 1277 751 1321 Rex
771 1288 885 1319 vero
905 1276 1125 1328 Navarre,
1148 1278 1258 1318 tunc
1274 1271 1331 1318 de
1351 1272 1550 1319 Parisius
1571 1272 1808 1330 recedens,

412 1367 517 1399 cum
541 1356 690 1398 castra
717 1366 815 1405 sua,
840 1355 890 1396 ut
914 1348 1183 1395 conclusum
1209 1348 1376 1404 fuerat,
1400 1348 1612 1395 crederet
1636 1348 1813 1410 absque

412 1427 672 1475 resistentia
705 1424 938 1488 intra[re],
977 1423 1196 1471 cust-odes
1232 1423 1426 1480 Britolii‚
1467 1423 1623 1471 Pontis
1660 1423 1813 1471 Aude-

412 1504 529 1550 mari
564 1508 608 1549 et
646 1501 817 1549 Paciaci
854 1501 941 1547 hoc
976 1501 1017 1547 ei
1051 1500 1430 1564 denegaverint2‚
1464 1500 1690 1547 addentes
1725 1499 1813 1547 nisi

411 1581 603 1627 haberet
631 1594 773 1641 super
795 1577 882 1624 hoc
917 1577 1186 1624 mandatum
1213 1576 1338 1640 regis
1371 1575 1560 1623 Francie
1595 1575 1809 1639 speciale,

412 1657 533 1704 unde
568 1656 773 1720 graviter
798 1654 1079 1718 indignatur,
1107 1670 1319 1701 asserens
1347 1653 1529 1716 publice
1561 1653 1687 1716 quod
1723 1669 1814 1715 que

413 1734 496 1781 sibi
525 1732 754 1795 promissa
779 1731 961 1777 fuerant
985 1730 1172 1777 minime
1192 1729 1583 1793 adimplebantur.

478 1810 590 1857 259.
618 1835 681 1843 -—-
706 1809 744 1854 A
777 1806 1076 1853 concionibus
1107 1806 1310 1853 hostium
1343 1822 1434 1868 que
1462 1806 1582 1853 circa
1614 1803 1813 1852 Parisius

414 1890 459 1932 et
485 1887 735 1932 Carnotum
769 1882 1053 1939 habitabant,
1085 1882 1189 1928 villa
1221 1882 1278 1929 de
1316 1882 1517 1945 Stampis
1549 1887 1682 1944 capta
1708 1880 1810 1936 fuit,

415 1961 623 2024 predata,
670 1960 773 2024 igne
811 1959 965 2005 voraci
1015 1965 1291 2020 consumpta
1334 1964 1380 2004 et
1424 1958 1616 2005 ditiores
1666 1957 1814 2003 incole

415 2037 568 2084 dirum
595 2035 930 2098 redemptionis
951 2034 1116 2098 jugum
1142 2034 1299 2081 subire
1325 2040 1432 2080 sunt
1458 2034 1648 2080 coacti3.

478 2112 591 2159 260.
620 2139 683 2146 —
709 2113 876 2158 Octava
904 2110 977 2156 die
997 2109 1242 2174 januarii4,
1274 2126 1358 2156 rex
1383 2113 1584 2156 Navarre
1616 2126 1814 2173 corpora

415 2188 747 2236 decollatorum
766 2187 963 2233 militum
983 2185 1107 2249 apud
1126 2186 1466 2249 Rothomagum
1487 2185 1591 2232 fecit
1615 2185 1672 2232 de
1699 2186 1815 2248 pati-

416 2265 524 2311 bulo
550 2264 719 2327 deponi
746 2270 790 2310 et
816 2279 920 2310 cum
947 2279 1127 2310 summa
1148 2262 1339 2308 funerali
1362 2278 1535 2325 pompa
1562 2262 1715 2325 primo
1736 2262 1814 2309 ubi

417 2339 628 2387 decollati
646 2340 824 2386 fuerant
845 2346 888 2385 et
907 2339 1075 2386 deinde
1092 2339 1137 2385 in
1155 2338 1346 2385 ccclesia
1366 2338 1617 2385 cathedrali
1639 2338 1813 2385 Rotho-

417 2416 642 2480 magensi,
655 2414 852 2477 peractis
864 2415 1165 2477 exequiarum
1177 2413 1463 2477 solempniis,
1476 2413 1812 2477 collationeque

467 2578 498 2612 1.
522 2577 594 2611 Ms.
617 2587 787 2611 cuneum.

465 2636 498 2671 2.
522 2635 592 2670 Ms.
616 2637 854 2679 deneyaverz't.
957 2677 962 2682 .

466 2695 499 2731 3.
522 2694 680 2740 D'apres
711 2694 763 2729 les
792 2693 951 2728 Grandes
982 2694 1203 2738 Chroniques
1233 2694 1272 2737 (t.
1296 2692 1365 2739 VI,
1388 2703 1422 2738 p.
1452 2693 1523 2737 81),
1546 2683 1728 2739 Etampes
1758 2693 1814 2729 fut

420 2754 497 2801 pris
518 2753 550 2788 le
572 2752 613 2787 16
632 2752 783 2798 janvier
805 2751 893 2787 1358
916 2751 977 2797 (cf.
1002 2751 1207 2797 Froissart,
1228 2755 1256 2786 t.
1279 2750 1328 2796 V,
1349 2761 1385 2796 p.
1408 2762 1494 2796 xxv,
1516 2762 1553 2786 n.
1578 2751 1624 2796 6).

468 2814 500 2848 4.
525 2813 576 2847 Le
600 2812 640 2847 10
658 2810 824 2858 janvier,
844 2810 989 2857 d’apres
1010 2810 1064 2846 les
1086 2812 1245 2847 Grandes
1269 2811 1492 2854 Chroniques
1513 2814 1550 2853 (t.
1569 2810 1637 2855 VI,
1658 2821 1695 2856 p.
1719 2809 1790 2855 74).
