2060 3345
436 360 479 396 48
810 359 1015 393 RICHARDI
1043 357 1169 389 SGOTI
1197 355 1465 388 CHRONICON.
1729 351 1833 397 [1339

503 440 676 503 422-9.
716 466 780 475 -
820 442 869 485 In
909 434 1164 484 Guasconia
1179 472 1190 491 ‚
1229 439 1431 481 castrum
1474 432 1834 480 munitissimum

435 517 614 581 capitur
635 514 760 578 quod
777 516 930 561 Penna
953 512 1011 559 de
1031 510 1272 575 Aginesio¹
1296 509 1573 574 appellatur.
1601 513 1653 556 In
1673 510 1835 573 Anglia

435 594 574 641 etiam
596 591 796 654 quedam
817 589 923 635 villa
942 604 1032 651 que
1053 588 1321 634 Hantonna2
1342 585 1511 633 dicitur
1536 585 1654 649 ignis
1680 585 1836 632 incen-

435 668 512 716 dio
537 683 623 730 per
648 671 811 730 gentes
836 663 962 728 regis
986 663 1176 710 Francie
1204 662 1490 710 devastatur.

501 747 610 794 423.
633 771 697 778 -
723 746 823 790 Rex
842 740 1032 788 Francie
1052 739 1252 803 quedam
1278 738 1520 802 privilegia
1547 740 1837 785 Normanno-

434 836 539 868 rum
564 817 875 874 confirmavit,
905 817 1215 878 dominusque
1248 814 1306 862 de
1330 813 1566 861 Haricuria
1597 813 1673 876 qui
1702 818 1836 860 antea

434 896 619 944 nomine
643 894 824 942 comitis
849 910 961 941 usus
984 893 1152 950 fuerat,
1177 890 1450 939 auctoritate
1478 890 1624 955 regia,
1649 889 1836 937 titulum

433 991 486 1021 ac
511 989 680 1021 nomen
704 970 888 1019 comitis
911 975 983 1018 est
1007 969 1224 1032 adeptus.

500 1049 611 1100 424.
634 1077 698 1085 --
723 1051 886 1096 Petrus
912 1046 1099 1110 Rogerii
1124 1063 1183 1094 ex
1208 1045 1560 1109 archiepiscopo
1585 1043 1838 1091 Rothoma-

433 1127 563 1191 gensi
591 1125 790 1174 efficitur
817 1122 1111 1171 cardinalisss.

942 1271 984 1316 M
1002 1270 1104 1317 CCC
1121 1270 1325 1316 XXXIX.

500 1385 611 1433 425.
640 1410 703 1418 -
734 1383 867 1430 Anno
908 1380 1089 1428 Domini
1130 1380 1183 1428 M⁰
1206 1379 1312 1428 CCG⁰
1335 1377 1522 1435 XXX1x0,
1560 1378 1654 1425 duo
1689 1383 1840 1425 castra

435 1460 686 1507 fortissima
709 1459 755 1506 in
783 1457 1026 1515 Gasconia,
1050 1460 1257 1520 Burgum
1279 1455 1452 1503 scilicet
1468 1461 1513 1501 et
1533 1454 1688 1501 Blavia
1706 1460 1839 1517 capta

432 1543 556 1584 sunt.
587 1540 637 1584 In
661 1536 874 1599 captione
900 1550 1013 1582 vero
1048 1533 1188 1581 castri
1213 1532 1369 1580 Blavie
1400 1531 1615 1579 dominus
1641 1530 1698 1578 de
1727 1533 1842 1579 Cau-

430 1619 563 1661 mont
576 1629 683 1661 cum
701 1613 845 1660 fratre
861 1611 1038 1659 domini
1059 1610 1116 1657 de
1134 1610 1302 1657 Labret
1318 1608 1693 1672 quibusdamque
1708 1607 1841 1655 nobi-

430 1689 552 1738 libus
578 1689 664 1737 fuit
689 1688 901 1752 captus4.

498 1768 611 1816 426.
635 1793 697 1802 -
717 1764 927 1823 Quedam
946 1763 1051 1810 villa
1070 1762 1116 1809 in
1141 1761 1361 1809 comitatu
1382 1760 1500 1823 Augi
1526 1776 1618 1823 que
1642 1765 1839 1807 vocatur

430 1842 700 1906 Triportus⁵
727 1857 870 1904 supra
902 1856 1030 1887 mare
1062 1855 1148 1903 per
1182 1843 1345 1903 gentes
1371 1837 1496 1901 regis
1522 1836 1686 1900 Anglie
1712 1853 1841 1884 com-

432 1919 616 1967 buritur
632 1934 740 1966 cum
757 1916 948 1965 abbacia
963 1916 1010 1963 in
1029 1915 1192 1963 eadem
1213 1914 1318 1961 villa
1335 1913 1546 1961 similiter
1564 1912 1836 1961 existentess.

482 2068 515 2102 1.
539 2066 687 2111 Penne,
718 2064 1066 2109 Lot-et-Garonne,
1093 2073 1168 2099 arr.
1197 2061 1243 2097 de
1269 2059 1681 2097 Villeneuve-sur-Lot
1711 2060 1840 2105 (Chro-

433 2128 544 2171 nique
564 2125 778 2168 normantia,
803 2134 840 2169 p.
863 2123 945 2168 245,
970 2134 1009 2158 n.
1031 2122 1079 2167 2).

481 2185 516 2221 2.
540 2198 556 2217 <‹
572 2182 753 2219 Hanonia
770 2196 784 2216 ι)
805 2181 972 2227 (Contin.
996 2181 1042 2217 de
1062 2180 1284 2217 Guillaume
1304 2179 1349 2216 de
1374 2178 1537 2226 Nangis,
1558 2183 1586 2214 t.
1610 2178 1662 2224 Π,
1683 2189 1719 2224 p.
1739 2177 1840 2223 462);

433 2263 480 2271 -
500 2257 515 2276 (ι
539 2242 750 2278 Hantonne
774 2255 789 2274 »
815 2241 987 2287 (Grandes
1020 2240 1262 2284 Chrom'ques,
1289 2242 1316 2273 t.
1340 2237 1391 2284 V,
1417 2249 1453 2284 p.
1477 2237 1572 2283 376),
1600 2235 1841 2283 aujourd'hui

437 2301 735 2347 Southampton.

482 2360 514 2396 3.
539 2359 648 2396 Cette
678 2357 866 2404 mention,
888 2357 1002 2404 qu'on
1031 2361 1168 2393 trouve
1198 2355 1303 2392 aussi
1332 2355 1428 2391 dans
1460 2355 1516 2391 les
1545 2355 1705 2391 Grandes
1727 2353 1840 2390 Chro-

435 2422 575 2465 niques,
600 2429 649 2454 ne
670 2418 791 2464 figure
812 2428 879 2463 pas
900 2416 996 2451 dans
1017 2416 1054 2451 la
1074 2415 1220 2452 contin.
1244 2414 1290 2451 de
1311 2413 1530 2450 Guillaume
1551 2413 1597 2448 de
1618 2412 1782 2459 Nangis.

482 2479 516 2514 4.
540 2478 675 2524 Blaye,
699 2476 882 2521 Gironde,
905 2474 1087 2511 chef-lieu
1107 2474 1235 2519 d'arr.;
1259 2494 1304 2501 -—·
1324 2473 1466 2520 Bourg,
1491 2471 1675 2518 Gironde,
1699 2482 1773 2507 arr.
1796 2470 1841 2507 de

435 2538 571 2584 Blaye,
594 2536 782 2573 chef-lieu
803 2535 848 2571 de
870 2541 972 2571 cant.
996 2534 1217 2579 (Chronique
1239 2534 1454 2575 normande,
1478 2543 1514 2578 p.
1541 2531 1599 2577 39,
1621 2531 1721 2577 ⁶245).

483 2597 514 2632 5.
542 2609 557 2629 «
580 2595 741 2641 Treport
764 2608 780 2627 »
807 2594 981 2638 (Grandes
1014 2593 1251 2637 Glzronz'quea
1275 2597 1303 2628 t.
1330 2591 1376 2636 V,
1398 2602 1434 2637 p.
1457 2590 1553 2634 377).
1576 2610 1622 2616 —
1642 2590 1716 2625 Les
1745 2600 1839 2625 mss.

436 2655 483 2691 de
504 2655 540 2690 la
560 2652 832 2690 continuation
852 2652 897 2687 de
920 2651 1139 2687 Guillaume
1160 2651 1205 2687 de
1226 2649 1374 2696 Nangis
1395 2654 1549 2696 portent
1567 2662 1582 2681 «
1600 2648 1806 2695 Corportus
1824 2662 1838 2682 ))

439 2716 481 2759 (t.
502 2713 556 2759 II,
576 2724 612 2759 p.
637 2712 730 2757 163).
754 2710 810 2747 Cf.
833 2711 1137 2755 Chronoyraphia
1158 2721 1232 2755 req.
1256 2711 1402 2751 Franc„
1425 2714 1453 2744 t.
1475 2708 1526 2753 Il,
1547 2719 1583 2754 p.
1606 2708 1664 2743 67.

485 2772 520 2808 6.
543 2771 595 2807 Le
617 2775 745 2806 retour
758 2768 854 2804 dans
875 2768 959 2804 leur
979 2779 1074 2815 pays
1089 2768 1155 2804 des
1171 2767 1315 2804 Genois
1336 2765 1650 2813 precedemment
1672 2767 1840 2813 engages

440 2842 507 2880 par
534 2831 568 2866 le
594 2829 648 2866 roi
676 2829 720 2864 de
751 2827 914 2873 France,
942 2827 1005 2874 qui
1035 2831 1092 2863 est
1120 2827 1296 2874 rapporte
1329 2837 1396 2873 par
1424 2826 1458 2861 16
1485 2824 1763 2862 Continuateur
1795 2825 1839 2861 de
