2060 3345
299 319 401 364 1356]
527 322 733 355 RICHARDI
762 321 887 354 SCOTI
916 321 1123 354 CHRONICI
1151 321 1457 353 CONTINUATIO.
1629 318 1696 354 105

297 402 482 450 fuerunt
514 418 620 449 cum
662 401 939 464 octingentis
971 401 1070 448 aliis
1112 401 1300 448 famosis
1335 400 1692 464 pugnatoribus,

296 495 497 542 quorum
523 479 673 525 anime
697 483 854 524 sancta
880 477 1040 540 requie
1061 478 1376 540 perfruantur.

361 561 472 610 245.
498 589 560 597 —-
582 560 645 607 De
671 561 798 607 vario
819 566 861 606 et
881 560 1000 606 alias
1021 561 1224 608 inaudito
1250 568 1372 608 statu
1398 562 1527 623 reqm'
1548 560 1588 607 F
1588 576 1697 607 ran-

297 641 362 686 ez'e
383 645 486 701 post
510 638 805 685 detentionem
831 638 970 699 regie.
1001 665 1065 672 —
1092 637 1164 684 Sic
1190 655 1300 702 rege
1335 638 1496 685 relicto
1532 637 1699 684 adver-

297 714 525 760 sariorum
553 712 783 767 manibus,
814 711 872 758 de
898 727 1126 759 consensu
1153 712 1330 759 domini
1355 712 1528 770 Karoli‚
1568 712 1699 760 ducis

295 789 558 844 Normanie‚
580 788 667 835 viri
689 788 1004 844 ecclesiastici,
1029 788 1207 835 nobiles
1228 795 1273 836 et
1291 789 1548 853 burgenses
1566 789 1698 836 electi

297 883 354 914 ex
380 867 557 914 eunctis
583 866 679 913 oris
705 865 896 913 Francie
921 864 1122 912 Parisius
1148 872 1417 922 evocantur,
1449 872 1499 913 ut
1529 866 1699 913 inirent

296 943 536 990 consilium
587 958 729 1005 super
773 942 1047 989 liberatione
1096 941 1221 1005 regis
1267 948 1312 989 et
1355 942 1699 989 continuatione

296 1036 590 1084 guerrarum.
621 1022 710 1066 Pro
736 1018 913 1066 cunctis
940 1025 1048 1065 tunc
1068 1018 1343 1073 astantibus,
1373 1019 1490 1065 sicut
1515 1018 1701 1065 condic-

299 1103 394 1144 tum
421 1096 588 1151 fuerat,
622 1094 997 1157 archiepiscopus
1027 1094 1285 1151 Remensis,
1316 1094 1573 1157 Philippus,
1603 1093 1699 1140 dux

295 1172 595 1228 Aureliensis‚
620 1172 763 1218 frater
788 1171 911 1235 regis
934 1177 980 1218 et
1004 1172 1263 1234 Stephanus
1289 1171 1504 1227 Marcelli,
1529 1187 1701 1234 prepo-

297 1250 411 1296 situs
437 1253 751 1295 mercatorum
782 1247 1128 1303 parisiensium,
1158 1247 1418 1294 successive
1445 1246 1702 1310 responde-

296 1332 404 1373 runt
428 1325 554 1388 quod
581 1330 777 1388 propter
797 1325 884 1371 hoc
904 1341 954 1371 se
981 1330 1027 1371 et
1055 1341 1137 1371 sua
1161 1324 1367 1387 prompti
1395 1330 1527 1370 erant
1554 1340 1702 1385 expo-

298 1419 408 1449 nere
423 1421 434 1458 ς
451 1403 586 1450 latius
598 1409 752 1450 tamen
770 1401 1057 1449 deliberandi
1076 1418 1218 1465 super
1239 1402 1483 1465 proposito
1501 1401 1700 1465 spatium

296 1486 629 1541 proposerunt.
666 1482 764 1536 Quo
803 1495 1043 1535 concesso,
1085 1495 1248 1525 omnes
1283 1479 1524 1541 utriusque
1557 1485 1703 1525 status

298 1556 448 1602 solum
480 1556 814 1620 quinquaginta
850 1572 908 1603 ex
942 1555 1107 1618 seipsis
1137 1555 1376 1620 elegerunt
1410 1555 1579 1618 quibus
1611 1555 1704 1602 fac-

299 1638 396 1679 turn
419 1632 769 1689 commiserunt,
800 1632 898 1694 qui,
932 1631 1243 1679 deliberantes
1280 1633 1466 1687 iterum,
1498 1631 1651 1695 primo
1680 1650 1705 1678 a

297 1709 536 1771 colloquiis
557 1709 652 1756 suis
669 1709 942 1771 repulerunt
959 1708 1245 1756 consiliarios
1267 1709 1391 1772 regis
1413 1715 1552 1771 atque
1575 1708 1705 1755 ducis

296 1786 353 1832 ad
401 1802 542 1848 quem
585 1785 888 1849 postmodum
931 1785 1207 1842 redeuntes,
1255 1785 1472 1832 dixerunt
1516 1801 1565 1832 se
1609 1801 1701 1831 non

297 1879 436 1925 posse
468 1863 639 1910 factum
672 1862 770 1909 sine
804 1862 963 1909 debito
1003 1862 1104 1926 (sie)
1145 1861 1414 1919 terminare,
1456 1862 1540 1908 nisi
1573 1861 1703 1924 prius

298 1938 527 2001 quosdam
547 1938 766 1985 officiales
786 1939 939 2003 regios
960 1938 1236 2001 deponeret,
1261 1953 1347 2001 per
1368 1954 1486 2000 quos
1507 1953 1704 2001 regnum

299 2015 416 2062 male
453 2015 765 2079 gubernatum
802 2016 951 2062 suerat
991 2021 1204 2077 tempore
1240 2019 1497 2070 retroacto,
1535 2013 1703 2060 iterum

298 2091 618 2138 liberationem
655 2092 778 2156 regis
811 2094 1016 2138 Navarre
1055 2090 1399 2154 promovendo,
1441 2095 1705 2137 asserentes

298 2168 425 2231 quod
446 2168 687 2215 occasione
708 2168 990 2215 detentionis
1012 2167 1176 2230 ipsius,
1203 2183 1402 2232 regnum
1422 2166 1706 2230 irreparabi-

299 2245 402 2291 liter
412 2245 794 2308 dampnificatum
809 2245 975 2299 fuerat,
994 2244 1228 2307 petierunt
1242 2250 1292 2291 ut
1304 2250 1504 2307 quatuor
1517 2243 1700 2306 prelati,

298 2335 363 2368 XII
395 2321 562 2368 milites
592 2327 638 2367 et
671 2320 867 2367 totidem
901 2321 1159 2384 burgenses
1188 2320 1472 2384 eligerentur
1501 2336 1702 2382 quorum

298 2396 489 2444 consilio
500 2396 623 2443 idem
637 2396 731 2443 dux
744 2402 909 2443 cuncta
922 2396 1052 2460 regni
1064 2395 1208 2443 ardua
1225 2395 1519 2460 [resolveret]
1531 2432 1539 2441 .
1554 2397 1613 2442 Su
1619 2411 1703 2458 per

300 2472 539 2535 principali
574 2490 685 2520 vero
713 2480 885 2536 puncto
922 2473 1089 2519 iterum
1125 2472 1427 2527 consulendo,
1466 2471 1704 2518 concluse-

299 2554 407 2595 runt
438 2555 485 2595 ut
520 2549 605 2595 viri
641 2550 936 2596 ecclesiastici
965 2555 1010 2595 et
1040 2549 1218 2596 nobiles
1245 2549 1303 2596 de
1330 2550 1425 2597 suis
1453 2547 1704 2595 resditibus

300 2623 528 2672 decimam
560 2631 605 2672 et
636 2625 902 2673 dimidiam1
943 2625 1196 2683 solverent,
1237 2626 1463 2690 ignobiles
1499 2641 1611 2671 vcro
1644 2624 1701 2671 de

350 2795 382 2829 1.
407 2794 479 2831 Ms.
502 2797 643 2831 decima
663 2800 693 2831 et
714 2798 887 2832 dimidia.
