2060 3345
281 307 383 352 1278]
630 310 835 341 CHRONICI
863 311 992 342 PRIMA
1020 310 1326 343 CONTINUATIO.
1608 308 1673 344 ’187

277 390 531 453 promovit.
562 392 617 436 Et
641 404 746 436 cum
771 389 863 436 vite
886 389 971 437 sibi
990 390 1191 453 spatium
1212 391 1255 438 in
1283 406 1428 437 annos
1445 390 1672 453 plurimos

277 466 462 513 extendi
486 466 697 513 crederet
717 471 761 512 et
782 465 869 512 hoc
892 483 1050 513 coram
1075 467 1228 515 multis
1254 472 1498 524 assereret,
1520 467 1672 514 subito

277 558 382 588 cum
408 558 588 589 camera
606 557 725 588 nova
752 558 890 603 quam
913 558 999 604 pro
1018 558 1067 590 se
1087 543 1277 591 Viterbii
1306 543 1426 590 circa
1449 543 1671 590 Palatium

276 624 599 665 construxerat
633 617 758 665 solus
800 618 975 665 corruit
1009 625 1054 665 et
1096 619 1215 667 inter
1251 620 1372 684 ligna
1412 625 1456 666 et
1497 619 1673 682 lapides

274 695 480 751 collisus,
527 695 592 744 v1⁰
633 694 706 741 die
741 700 847 757 post
891 711 1074 751 casum,
1113 697 1413 743 sacramentis
1454 695 1672 743 omnibus

274 771 591 818 ecclesiasticis
618 771 867 835 perceptis,
896 771 1124 834 expiravit
1152 778 1198 819 et
1218 772 1391 820 ibidem
1415 773 1458 819 in
1481 771 1673 820 ecclesia

274 848 424 895 Sancti
450 847 676 895 Laurentii
703 847 913 910 sepultus
936 847 1110 895 existit.

794 960 833 1005 M
851 958 917 1005 CC
936 960 1152 1006 LXXVII.

342 1055 452 1116 Cap.
477 1053 620 1101 CXXI
638 1070 680 1101 a.
703 1056 913 1101 —Anno
933 1054 1115 1101 Domini
1136 1054 1485 1111 M⁰cc⁰Lxxvn⁰,
1508 1059 1670 1103 Petrus

272 1131 329 1177 de
361 1131 540 1187 Brocia‚
571 1131 694 1195 regis
726 1131 914 1178 Francie
947 1131 1276 1187 cambellanus,
1308 1132 1429 1179 circa
1454 1133 1674 1195 Epypba-

273 1207 393 1253 niam
431 1213 593 1270 captus
637 1213 683 1254 et
718 1207 762 1253 in
803 1212 931 1254 turre
975 1207 1099 1270 apud
1144 1207 1404 1255 Jamvillam
1444 1208 1489 1254 in
1527 1209 1673 1255 Belsia

270 1288 505 1339 retrusus,
545 1282 662 1329 infra
700 1282 888 1329 octabas
923 1283 1075 1330 Sancti
1115 1283 1337 1331 Johannis
1375 1283 1575 1330 Parisius
1605 1290 1674 1331 est

271 1375 544 1422 suspensus.
583 1362 648 1406 De
696 1359 825 1423 cujus
861 1366 1010 1406 morte
1048 1360 1316 1422 turpissima
1360 1377 1446 1423 per
1476 1377 1674 1424 regnum

270 1436 459 1482 Francie
481 1435 633 1482 mirati
655 1441 762 1483 sunt
781 1436 1010 1491 universi3
1031 1453 1136 1483 nam
1154 1436 1198 1483 in
1221 1443 1345 1484 tanta
1365 1437 1672 1484 familiaritate

270 1518 315 1558 et
335 1512 531 1558 amicitia
552 1512 677 1575 apud
698 1529 857 1576 regem
879 1519 1149 1560 excreverat
1172 1514 1298 1575 quod
1326 1514 1509 1576 prelati,
1533 1514 1671 1560 baro-

270 1605 351 1635 nes
386 1596 431 1636 et
464 1589 697 1652 principes
738 1606 791 1636 ac
823 1589 960 1636 etiam
998 1589 1123 1653 regis
1164 1589 1332 1637 fratres
1373 1590 1413 1637 ei
1446 1590 1672 1637 honorem

270 1665 525 1712 maximum
550 1665 836 1712 deferebant.

333 1742 373 1788 b.
413 1770 476 1777 —
508 1742 684 1789 Eodem
721 1748 952 1805 tempore⁷
991 1743 1159 1806 Tyber,
1195 1744 1368 1791 flumen
1402 1759 1667 1798 romanum,

267 1818 312 1864 in
341 1824 521 1865 tantum
555 1835 663 1866 suos
690 1819 975 1866 transcendit
1011 1820 1168 1867 alveos
1204 1819 1330 1883 quod
1361 1836 1501 1882 supra
1529 1820 1671 1867 altare

267 1896 402 1940 Beate
435 1894 572 1941 Marie
607 1894 820 1941 Rotonde
856 1911 941 1957 per
975 1902 1176 1958 quatuor
1213 1896 1358 1960 pedes
1396 1902 1442 1942 et
1473 1895 1673 1959 amplius

267 1970 544 2016 excreverit.

781 2060 904 2106 MCC
922 2062 1157 2109 LXXVIII.

330 2156 463 2202 Anno
487 2154 666 2201 Domini
695 2154 746 2202 M⁰
760 2155 836 2204 CC⁰
851 2157 1062 2214 LXXV111⁰‚
1086 2157 1329 2205 Nicholaus
1350 2161 1459 2214 111⁸&
1486 2158 1671 2205 natione

265 2235 518 2287 Romanus,
538 2230 595 2278 de
615 2230 757 2278 domo
778 2233 1070 2289 Ursinorum,
1089 2234 1209 2281 sedit
1231 2233 1327 2281 fere
1347 2248 1397 2282 111
1417 2235 1566 2282 annis.
1587 2235 1671 2281 Hic

265 2323 403 2354 unam
424 2307 762 2354 ordinationem
794 2308 900 2355 fecit
932 2310 1136 2372 quinque
1164 2311 1511 2374 episcoporum.
1541 2312 1669 2358 Pala-

262 2384 378 2431 tium
406 2384 543 2431 etiam
573 2385 722 2431 Sancti
746 2386 864 2431 Petri
901 2386 1095 2433 multum
1126 2388 1460 2451 augmentavit.
1493 2391 1668 2451 Regem

262 2466 415 2507 autem
442 2460 606 2513 Sicilie,
629 2460 829 2506 nobilem
851 2461 1051 2508 Ecclesie
1070 2463 1292 2526 pugilem,
1317 2481 1341 2510 a
1364 2464 1533 2510 vicaria
1556 2467 1668 2510 Tus-

262 2537 329 2583 cie
349 2537 524 2584 amovit
541 2553 593 2583 ac
611 2537 962 2585 constitutiones
989 2538 1160 2586 faciens
1175 2546 1268 2586 tam
1288 2539 1346 2588 de
1365 2540 1668 2587 electionibus

262 2612 549 2675 prelatorum
587 2630 728 2676 quam
768 2613 826 2660 de
860 2614 1082 2662 electione
1121 2617 1348 2663 senatoris
1381 2616 1509 2664 urbis
1544 2634 1592 2663 se
1621 2616 1667 2663 in

262 2694 526 2736 senatorem
561 2690 617 2736 ad
662 2690 804 2736 vitam
844 2707 1002 2743 suam,
1046 2699 1097 2738 ut
1143 2692 1328 2745 dicitur,
1375 2692 1661 2755 procuravit,

261 2764 432 2811 faciens
458 2772 668 2813 senatum
698 2766 792 2813 fere
818 2783 901 2830 per
926 2766 1044 2814 duos
1069 2784 1216 2815 annos
1243 2769 1358 2832 regi.
