2060 3345
349 319 415 355 160
583 320 786 354 RICHARDI
817 318 944 351 SGOTI
970 315 1177 349 CHRONICI
1206 315 1512 348 CONTINUATIO.
1639 313 1742 360 [1363

345 401 612 448 intendebat
631 398 822 463 [redire]
837 402 883 444 et
901 395 1114 459 quamvis
1135 395 1462 458 prudentiores
1476 394 1744 444 assistentes

344 477 432 523 hoc
466 476 619 523 multis
655 473 976 521 dissuaderent
1018 470 1199 528 mediis,
1240 477 1421 518 mutare
1453 476 1608 518 tamen
1644 471 1743 535 ejus

344 552 637 615 propositum
658 548 983 611 nequiverunt.
1008 550 1202 596 Causam
1222 546 1608 594 transfretationis
1629 547 1741 593 varii

345 629 470 675 varie
496 627 782 690 assignantes
803 624 1019 672 dicebant
1046 624 1172 687 quod
1198 624 1284 671 hoc
1311 623 1478 687 agebat
1496 623 1604 685 quia
1625 640 1744 670 nun-

343 704 454 752 dum
486 719 618 750 suam
648 702 828 765 integre
855 701 1056 750 solveret
1078 699 1470 763 redemptionem,
1504 699 1577 746 alii
1596 700 1741 748 hanc¹

340 780 568 826 rationem
596 777 893 842 assignabant
920 776 1047 840 quod
1078 776 1198 824 filius
1232 793 1343 824 suus
1374 775 1516 823 fidem
1543 775 1746 840 promis-

341 871 439 902 sam
480 871 572 902 non
608 860 772 901 tenens
815 852 1104 901 illicentiatus
1144 857 1419 900 recesserat.
1463 851 1550 900 Alii
1590 857 1745 899 autem

340 931 609 979 astruebant
632 930 735 994 (sic)
759 929 885 993 quod
902 929 1172 977 intendebat
1192 929 1385 976 fratrem
1403 945 1537 976 suum
1561 934 1607 976 et
1630 929 1744 976 alios

340 1007 527 1055 obsides
566 1007 765 1054 liberare
809 1012 855 1053 et
898 1022 1059 1070 regern
1100 1005 1262 1070 Anglie
1305 1005 1364 1052 ad
1408 1004 1745 1069 peregrinatio-

340 1100 446 1131 nem
472 1082 923 1132 Jherosolimitanam
955 1082 1198 1140 inducere,
1234 1082 1315 1129 sed
1350 1081 1576 1145 quidquid
1603 1097 1745 1144 super

337 1161 425 1208 hoc
457 1160 785 1223 prudentiores
820 1164 1084 1215 senserunt,
1124 1164 1303 1206 certum
1334 1160 1433 1206 est?
1462 1175 1521 1205 ex
1557 1174 1743 1205 recessu

337 1237 443 1300 plus
467 1236 723 1284 volentario
744 1252 884 1298 quam
908 1235 1115 1282 decenti3
1143 1235 1189 1281 in
1209 1234 1340 1281 brevi
1366 1241 1473 1298 post
1498 1234 1738 1281 Franciam

337 1313 562 1377 gemitum
584 1318 630 1360 et
655 1328 890 1359 merorem
915 1328 998 1358 nec
1024 1311 1068 1358 in
1091 1310 1258 1358 merito
1281 1310 1506 1358 induisse.
1531 1313 1590 1358 Ut
1612 1326 1744 1357 men-

337 1389 396 1436 tis
431 1393 709 1451 conceptum
742 1388 989 1435 efficaciter
1023 1387 1317 1450 adimpleret,
1355 1388 1485 1451 regni
1518 1386 1744 1451 regimine

338 1466 525 1522 Karolo,
549 1465 654 1512 duci
680 1465 946 1521 Normanie,
977 1464 1070 1511 filio
1096 1481 1179 1511 suo
1200 1464 1530 1529 primogenito,
1559 1464 1738 1520 relict0,

337 1543 474 1590 tertia
506 1541 580 1589 die
609 1542 806 1605 januarii
842 1540 1053 1605 Angliam
1087 1541 1282 1598 intrans,
1326 1559 1351 1588 a
1383 1557 1493 1605 rege
1524 1540 1742 1589 Eduardo

337 1624 553 1681 receptus
568 1619 585 1648 4
610 1623 679 1666 est
701 1618 905 1665 maximo
925 1633 1031 1665 cum
1051 1617 1228 1664 honore
1247 1623 1293 1664 et
1312 1623 1422 1665 tunc
1444 1617 1584 1665 ambo
1604 1633 1741 1680 reges

336 1694 565 1758 quosdam
606 1695 968 1756 circumspectos
1015 1693 1142 1740 viros
1188 1694 1429 1758 elegerunt
1474 1694 1553 1757 qui
1598 1710 1741 1756 super

335 1771 477 1818 rebus
500 1771 691 1836 agendis
717 1770 916 1818 fideliter
938 1775 1295 1833 pertractarent.

401 1850 511 1895 339.
532 1876 596 1883 —-
622 1847 1061 1895 Transfretationem
1084 1846 1181 1910 ejus
1205 1847 1397 1894 audiens
1423 1863 1509 1894 rex
1533 1849 1740 1893 Navarre

333 1940 419 1986 per
434 1923 743 1971 internuntios
761 1923 978 1971 eumdem
993 1922 1295 1985 postmodum
1314 1923 1557 1970 dominum
1571 1922 1739 1970 ducem

332 1999 579 2046 Normanie
616 1998 845 2045 diffidavit
877 2004 922 2045 et
955 1999 1059 2054 hoc,
1102 2004 1152 2045 ut
1187 1998 1319 2045 multi
1358 1997 1590 2054 dicebant,
1634 1996 1737 2059 quia

332 2074 419 2122 sibi
445 2074 629 2122 dicebat
655 2075 875 2122 ducatum
894 2073 1160 2138 Burgundie
1176 2074 1281 2137 jure
1299 2073 1608 2122 successionis
1628 2090 1740 2136 pro-

332 2151 592 2214 pinquioris
623 2157 889 2213 competere
921 2167 1005 2197 nec
1037 2150 1122 2197 sibi
1156 2151 1490 2198 restituebatur
1522 2149 1738 2214 quamvis

330 2228 418 2275 hoc
442 2228 772 2275 instantissime
798 2228 1010 2289 repetitis
1035 2228 1214 2275 vicibus
1237 2228 1540 2291 postulasset.

399 2305 509 2353 340.
539 2332 602 2340 —
628 2308 726 2351 Rex
752 2310 905 2351 autem
931 2304 1180 2361 Johannes,
1210 2304 1356 2367 ipsius
1383 2304 1506 2368 regis
1530 2306 1738 2350 Navarre

331 2381 517 2428 fraudes
551 2386 597 2428 et
631 2381 853 2428 astuciam
881 2381 1124 2428 attendens
1158 2387 1203 2428 et
1235 2381 1599 2428 machinationes
1636 2380 1736 2444 ejus

332 2458 579 2521 prevenire
605 2457 813 2520 cupiens,
847 2457 1037 2504 domino
1064 2458 1235 2506 Karolo
1261 2458 1443 2522 regenti
1470 2457 1557 2505 sub
1578 2457 1739 2505 celeri-

381 2606 412 2641 1.
436 2605 509 2640 Les
530 2609 630 2641 mots
647 2606 716 2640 alii
737 2605 832 2640 hano
854 2614 893 2640 se
916 2609 1097 2641 trouvent
1117 2605 1266 2652 repetes
1286 2604 1381 2640 dans
1403 2604 1437 2640 le
1457 2605 1688 2641 manuscrit.

380 2664 414 2700 2.
437 2663 544 2700 Dans
566 2664 599 2699 le
620 2663 837 2700 manuscrit
859 2664 893 2700 le
914 2669 992 2700 mot
1013 2669 1061 2700 est
1082 2668 1139 2701 est
1166 2663 1265 2700 suivi
1286 2663 1332 2699 de
1355 2665 1462 2708 quod.

385 2722 417 2758 3.
441 2722 512 2757 Ms.
536 2723 684 2758 dicenti.

384 2782 418 2817 4.
438 2781 506 2816 Ms.
531 2783 721 2827 exceptius.
