<?xml version="1.0" encoding="UTF-8"?>
<!DOCTYPE html PUBLIC "-//W3C//DTD XHTML 1.0 Transitional//EN"
    "http://www.w3.org/TR/xhtml1/DTD/xhtml1-transitional.dtd">
<html xmlns="http://www.w3.org/1999/xhtml" xml:lang="en" lang="en">
 <head>
  <title>
</title>
<meta http-equiv="Content-Type" content="text/html;charset=utf-8" />
  <meta name='ocr-system' content='tesseract 3.04.00' />
  <meta name='ocr-capabilities' content='ocr_page ocr_carea ocr_par ocr_line ocrx_word'/>
</head>
<body>
  <div class='ocr_page' id='page_1' title='image "./chroniquedericha00lescuoft_0123.png"; bbox 0 0 2060 3345; ppageno 0'>
   <div class='ocr_carea' id='block_1_1' title="bbox 211 319 1606 369">
    <p class='ocr_par' dir='ltr' id='par_1_1' title="bbox 211 319 1606 369">
     <span class='ocr_line' id='line_1_1' title="bbox 211 319 1606 369; baseline -0.003 -11"><span class='ocrx_word' id='word_1_1' title='bbox 211 322 314 369; x_wconf 80' lang='lat'>1340]</span> <span class='ocrx_word' id='word_1_2' title='bbox 578 324 783 356; x_wconf 81' lang='lat' dir='ltr'><strong>RICHARDI</strong></span> <span class='ocrx_word' id='word_1_3' title='bbox 812 323 937 355; x_wconf 87' lang='lat' dir='ltr'>SCOTI</span> <span class='ocrx_word' id='word_1_4' title='bbox 966 323 1233 355; x_wconf 85' lang='lat' dir='ltr'>CHRONICON.</span> <span class='ocrx_word' id='word_1_5' title='bbox 1568 319 1606 355; x_wconf 84' lang='lat'>51</span> 
     </span>
    </p>
   </div>
   <div class='ocr_carea' id='block_1_2' title="bbox 201 401 1619 2542">
    <p class='ocr_par' dir='ltr' id='par_1_2' title="bbox 203 401 1616 1604">
     <span class='ocr_line' id='line_1_2' title="bbox 208 401 1613 468; baseline -0.004 -16"><span class='ocrx_word' id='word_1_6' title='bbox 208 405 295 453; x_wconf 85' lang='lat' dir='ltr'>sibi</span> <span class='ocrx_word' id='word_1_7' title='bbox 316 404 584 468; x_wconf 81' lang='lat' dir='ltr'>homagium</span> <span class='ocrx_word' id='word_1_8' title='bbox 605 403 755 450; x_wconf 87' lang='lat' dir='ltr'>facere</span> <span class='ocrx_word' id='word_1_9' title='bbox 775 402 1058 466; x_wconf 81' lang='lat' dir='ltr'>cogitabant,</span> <span class='ocrx_word' id='word_1_10' title='bbox 1084 403 1127 449; x_wconf 90' lang='lat' dir='ltr'>in</span> <span class='ocrx_word' id='word_1_11' title='bbox 1153 401 1365 466; x_wconf 84' lang='lat' dir='ltr'>Angliam</span> <span class='ocrx_word' id='word_1_12' title='bbox 1389 401 1613 448; x_wconf 87' lang='lat' dir='ltr'>transfre-</span> 
     </span>
     <span class='ocr_line' id='line_1_3' title="bbox 207 478 1614 543; baseline -0.004 -14"><span class='ocrx_word' id='word_1_13' title='bbox 207 488 367 539; x_wconf 89' lang='lat' dir='ltr'>tasset,</span> <span class='ocrx_word' id='word_1_14' title='bbox 385 482 696 543; x_wconf 80' lang='lat' dir='ltr'>comitemque</span> <span class='ocrx_word' id='word_1_15' title='bbox 718 479 949 527; x_wconf 88' lang='lat' dir='ltr'>Saleberie</span> <span class='ocrx_word' id='word_1_16' title='bbox 971 496 1076 527; x_wconf 90' lang='lat' dir='ltr'>cum</span> <span class='ocrx_word' id='word_1_17' title='bbox 1096 479 1266 527; x_wconf 83' lang='lat' dir='ltr'>comite</span> <span class='ocrx_word' id='word_1_18' title='bbox 1283 478 1493 526; x_wconf 84' lang='lat' dir='ltr'>Auxonie</span> <span class='ocrx_word' id='word_1_19' title='bbox 1510 478 1614 525; x_wconf 93' lang='lat' dir='ltr'>loco</span> 
     </span>
     <span class='ocr_line' id='line_1_4' title="bbox 208 555 1610 622; baseline -0.002 -17"><span class='ocrx_word' id='word_1_20' title='bbox 208 559 278 606; x_wconf 91' lang='lat' dir='ltr'>sui</span> <span class='ocrx_word' id='word_1_21' title='bbox 310 559 357 605; x_wconf 88' lang='lat' dir='ltr'>in</span> <span class='ocrx_word' id='word_1_22' title='bbox 392 557 604 622; x_wconf 88' lang='lat' dir='ltr'>partibus</span> <span class='ocrx_word' id='word_1_23' title='bbox 636 556 849 604; x_wconf 86' lang='lat' dir='ltr'>Flandrie</span> <span class='ocrx_word' id='word_1_24' title='bbox 887 556 1161 613; x_wconf 84' lang='lat' dir='ltr'>dimisisset,</span> <span class='ocrx_word' id='word_1_25' title='bbox 1197 556 1364 604; x_wconf 83' lang='lat' dir='ltr'>iidem¹</span> <span class='ocrx_word' id='word_1_26' title='bbox 1400 555 1610 613; x_wconf 82' lang='lat' dir='ltr'>comites,</span> 
     </span>
     <span class='ocr_line' id='line_1_5' title="bbox 206 633 1616 697; baseline -0.003 -14"><span class='ocrx_word' id='word_1_27' title='bbox 206 636 399 683; x_wconf 87' lang='lat' dir='ltr'>consilio</span> <span class='ocrx_word' id='word_1_28' title='bbox 444 635 557 682; x_wconf 85' lang='lat' dir='ltr'>inito</span> <span class='ocrx_word' id='word_1_29' title='bbox 595 640 645 682; x_wconf 90' lang='lat' dir='ltr'>ut</span> <span class='ocrx_word' id='word_1_30' title='bbox 686 633 888 681; x_wconf 81' lang='lat' dir='ltr'>Insulam</span> <span class='ocrx_word' id='word_1_31' title='bbox 927 633 1225 689; x_wconf 78' lang='lat' dir='ltr'>obsiderent,</span> <span class='ocrx_word' id='word_1_32' title='bbox 1265 633 1522 697; x_wconf 81' lang='lat' dir='ltr'>Anglorum</span> <span class='ocrx_word' id='word_1_33' title='bbox 1561 649 1616 680; x_wconf 94' lang='lat' dir='ltr'>ac</span> 
     </span>
     <span class='ocr_line' id='line_1_6' title="bbox 206 710 1616 776; baseline -0.004 -16"><span class='ocrx_word' id='word_1_34' title='bbox 206 713 553 776; x_wconf 81' lang='lat' dir='ltr'>Flamingorum</span> <span class='ocrx_word' id='word_1_35' title='bbox 585 728 677 758; x_wconf 90' lang='lat' dir='ltr'>non</span> <span class='ocrx_word' id='word_1_36' title='bbox 714 710 953 757; x_wconf 91' lang='lat' dir='ltr'>modicum</span> <span class='ocrx_word' id='word_1_37' title='bbox 985 710 1241 757; x_wconf 83' lang='lat' dir='ltr'>exercitum</span> <span class='ocrx_word' id='word_1_38' title='bbox 1270 714 1616 774; x_wconf 72' lang='lat' dir='ltr'>congregarunt</span> 
     </span>
     <span class='ocr_line' id='line_1_7' title="bbox 206 785 1616 851; baseline -0.004 -15"><span class='ocrx_word' id='word_1_39' title='bbox 206 805 347 851; x_wconf 90' lang='lat' dir='ltr'>quem</span> <span class='ocrx_word' id='word_1_40' title='bbox 368 788 427 835; x_wconf 92' lang='lat' dir='ltr'>ad</span> <span class='ocrx_word' id='word_1_41' title='bbox 447 788 540 835; x_wconf 93' lang='lat' dir='ltr'>duo</span> <span class='ocrx_word' id='word_1_42' title='bbox 558 787 753 835; x_wconf 90' lang='lat' dir='ltr'>miliaria</span> <span class='ocrx_word' id='word_1_43' title='bbox 769 786 844 834; x_wconf 86' lang='lat' dir='ltr'>vel</span> <span class='ocrx_word' id='word_1_44' title='bbox 864 785 1048 833; x_wconf 83' lang='lat' dir='ltr'>circiter</span> <span class='ocrx_word' id='word_1_45' title='bbox 1064 785 1201 849; x_wconf 80' lang='lat' dir='ltr'>longe</span> <span class='ocrx_word' id='word_1_46' title='bbox 1214 786 1272 833; x_wconf 85' lang='lat' dir='ltr'>ab</span> <span class='ocrx_word' id='word_1_47' title='bbox 1290 787 1441 834; x_wconf 83' lang='lat' dir='ltr'>Insula</span> <span class='ocrx_word' id='word_1_48' title='bbox 1458 785 1616 833; x_wconf 90' lang='lat' dir='ltr'>dimit-</span> 
     </span>
     <span class='ocr_line' id='line_1_8' title="bbox 205 860 1615 927; baseline -0.003 -16"><span class='ocrx_word' id='word_1_49' title='bbox 205 869 374 921; x_wconf 86' lang='lat' dir='ltr'>tentes,</span> <span class='ocrx_word' id='word_1_50' title='bbox 396 864 527 927; x_wconf 84' lang='lat' dir='ltr'>quasi</span> <span class='ocrx_word' id='word_1_51' title='bbox 545 880 652 911; x_wconf 91' lang='lat' dir='ltr'>cum</span> <span class='ocrx_word' id='word_1_52' title='bbox 672 862 884 911; x_wconf 86' lang='lat' dir='ltr'>ducentis</span> <span class='ocrx_word' id='word_1_53' title='bbox 902 867 1234 925; x_wconf 89' lang='lat' dir='ltr'>processerunt</span> <span class='ocrx_word' id='word_1_54' title='bbox 1248 868 1299 909; x_wconf 86' lang='lat' dir='ltr'>ut</span> <span class='ocrx_word' id='word_1_55' title='bbox 1316 862 1469 910; x_wconf 91' lang='lat' dir='ltr'>locum</span> <span class='ocrx_word' id='word_1_56' title='bbox 1489 860 1615 908; x_wconf 88' lang='lat' dir='ltr'>obsi-</span> 
     </span>
     <span class='ocr_line' id='line_1_9' title="bbox 205 937 1611 1005; baseline -0.002 -18"><span class='ocrx_word' id='word_1_57' title='bbox 205 939 331 988; x_wconf 89' lang='lat' dir='ltr'>dioni</span> <span class='ocrx_word' id='word_1_58' title='bbox 358 957 619 1005; x_wconf 77' lang='lat' dir='ltr'>congruum</span> <span class='ocrx_word' id='word_1_59' title='bbox 651 940 969 1003; x_wconf 86' lang='lat' dir='ltr'>explorarent.</span> <span class='ocrx_word' id='word_1_60' title='bbox 1004 942 1128 996; x_wconf 80' lang='lat' dir='ltr'>Quos</span> <span class='ocrx_word' id='word_1_61' title='bbox 1155 938 1385 996; x_wconf 82' lang='lat' dir='ltr'>videntes,</span> <span class='ocrx_word' id='word_1_62' title='bbox 1413 937 1611 986; x_wconf 88' lang='lat' dir='ltr'>Insulani</span> 
     </span>
     <span class='ocr_line' id='line_1_10' title="bbox 205 1015 1615 1081; baseline -0.001 -17"><span class='ocrx_word' id='word_1_63' title='bbox 205 1016 264 1064; x_wconf 91' lang='lat' dir='ltr'>de</span> <span class='ocrx_word' id='word_1_64' title='bbox 292 1017 399 1064; x_wconf 87' lang='lat' dir='ltr'>villa</span> <span class='ocrx_word' id='word_1_65' title='bbox 425 1018 727 1081; x_wconf 88' lang='lat' dir='ltr'>prosilierunt</span> <span class='ocrx_word' id='word_1_66' title='bbox 758 1034 817 1064; x_wconf 83' lang='lat' dir='ltr'>ex</span> <span class='ocrx_word' id='word_1_67' title='bbox 850 1015 1050 1064; x_wconf 86' lang='lat' dir='ltr'>adverso</span> <span class='ocrx_word' id='word_1_68' title='bbox 1086 1016 1349 1079; x_wconf 90' lang='lat' dir='ltr'>comiteque</span> <span class='ocrx_word' id='word_1_69' title='bbox 1382 1016 1615 1063; x_wconf 85' lang='lat' dir='ltr'>Saleberie</span> 
     </span>
     <span class='ocr_line' id='line_1_11' title="bbox 205 1092 1616 1157; baseline -0.001 -16"><span class='ocrx_word' id='word_1_70' title='bbox 205 1093 264 1141; x_wconf 92' lang='lat' dir='ltr'>de</span> <span class='ocrx_word' id='word_1_71' title='bbox 289 1111 412 1157; x_wconf 89' lang='lat' dir='ltr'>equo</span> <span class='ocrx_word' id='word_1_72' title='bbox 438 1095 531 1142; x_wconf 89' lang='lat' dir='ltr'>ictu</span> <span class='ocrx_word' id='word_1_73' title='bbox 557 1094 714 1141; x_wconf 86' lang='lat' dir='ltr'>lancee</span> <span class='ocrx_word' id='word_1_74' title='bbox 734 1093 935 1157; x_wconf 86' lang='lat' dir='ltr'>turpiter</span> <span class='ocrx_word' id='word_1_75' title='bbox 955 1092 1136 1156; x_wconf 85' lang='lat' dir='ltr'>dejecto</span> <span class='ocrx_word' id='word_1_76' title='bbox 1157 1109 1210 1139; x_wconf 95' lang='lat' dir='ltr'>ac</span> <span class='ocrx_word' id='word_1_77' title='bbox 1229 1093 1435 1156; x_wconf 74' lang='lat' dir='ltr'>graviter</span> <span class='ocrx_word' id='word_1_78' title='bbox 1454 1093 1616 1140; x_wconf 85' lang='lat' dir='ltr'>vulne-</span> 
     </span>
     <span class='ocr_line' id='line_1_12' title="bbox 205 1169 1616 1234; baseline -0.001 -17"><span class='ocrx_word' id='word_1_79' title='bbox 205 1177 325 1228; x_wconf 85' lang='lat' dir='ltr'>rato,</span> <span class='ocrx_word' id='word_1_80' title='bbox 350 1188 456 1219; x_wconf 89' lang='lat' dir='ltr'>cum</span> <span class='ocrx_word' id='word_1_81' title='bbox 471 1171 566 1219; x_wconf 91' lang='lat' dir='ltr'>suis</span> <span class='ocrx_word' id='word_1_82' title='bbox 586 1171 768 1234; x_wconf 88' lang='lat' dir='ltr'>capitur</span> <span class='ocrx_word' id='word_1_83' title='bbox 784 1187 837 1218; x_wconf 90' lang='lat' dir='ltr'>ac</span> <span class='ocrx_word' id='word_1_84' title='bbox 855 1170 954 1234; x_wconf 82' lang='lat' dir='ltr'>regi</span> <span class='ocrx_word' id='word_1_85' title='bbox 975 1169 1164 1217; x_wconf 87' lang='lat' dir='ltr'>Francie</span> <span class='ocrx_word' id='word_1_86' title='bbox 1179 1174 1493 1232; x_wconf 81' lang='lat' dir='ltr'>presentatur.</span> <span class='ocrx_word' id='word_1_87' title='bbox 1514 1169 1616 1215; x_wconf 90' lang='lat' dir='ltr'>Fuit</span> 
     </span>
     <span class='ocr_line' id='line_1_13' title="bbox 204 1246 1616 1311; baseline -0.002 -16"><span class='ocrx_word' id='word_1_88' title='bbox 204 1247 344 1295; x_wconf 88' lang='lat' dir='ltr'>etiam</span> <span class='ocrx_word' id='word_1_89' title='bbox 364 1248 427 1295; x_wconf 88' lang='lat' dir='ltr'>ibi</span> <span class='ocrx_word' id='word_1_90' title='bbox 452 1248 641 1311; x_wconf 87' lang='lat' dir='ltr'>quidam</span> <span class='ocrx_word' id='word_1_91' title='bbox 661 1248 828 1295; x_wconf 90' lang='lat' dir='ltr'>nobilis</span> <span class='ocrx_word' id='word_1_92' title='bbox 848 1247 1118 1294; x_wconf 88' lang='lat' dir='ltr'>interfectus</span> <span class='ocrx_word' id='word_1_93' title='bbox 1144 1246 1274 1310; x_wconf 88' lang='lat' dir='ltr'>cujus</span> <span class='ocrx_word' id='word_1_94' title='bbox 1301 1263 1470 1293; x_wconf 90' lang='lat' dir='ltr'>nomen</span> <span class='ocrx_word' id='word_1_95' title='bbox 1498 1246 1616 1293; x_wconf 92' lang='lat' dir='ltr'>cela-</span> 
     </span>
     <span class='ocr_line' id='line_1_14' title="bbox 203 1323 1616 1389; baseline -0.002 -17"><span class='ocrx_word' id='word_1_96' title='bbox 203 1331 391 1382; x_wconf 86' lang='lat' dir='ltr'>verunt,</span> <span class='ocrx_word' id='word_1_97' title='bbox 421 1330 521 1388; x_wconf 87' lang='lat' dir='ltr'>ejus</span> <span class='ocrx_word' id='word_1_98' title='bbox 547 1330 788 1389; x_wconf 85' lang='lat' dir='ltr'>amputato</span> <span class='ocrx_word' id='word_1_99' title='bbox 815 1324 982 1388; x_wconf 88' lang='lat' dir='ltr'>capite,</span> <span class='ocrx_word' id='word_1_100' title='bbox 1014 1324 1203 1381; x_wconf 91' lang='lat' dir='ltr'>inimici,</span> <span class='ocrx_word' id='word_1_101' title='bbox 1231 1339 1318 1371; x_wconf 90' lang='lat' dir='ltr'>nec</span> <span class='ocrx_word' id='word_1_102' title='bbox 1343 1323 1511 1370; x_wconf 85' lang='lat' dir='ltr'>exinde</span> <span class='ocrx_word' id='word_1_103' title='bbox 1531 1339 1616 1386; x_wconf 92' lang='lat' dir='ltr'>po-</span> 
     </span>
     <span class='ocr_line' id='line_1_15' title="bbox 204 1399 1616 1464; baseline -0.002 -15"><span class='ocrx_word' id='word_1_104' title='bbox 204 1403 291 1450; x_wconf 91' lang='lat' dir='ltr'>tuit</span> <span class='ocrx_word' id='word_1_105' title='bbox 324 1403 538 1450; x_wconf 84' lang='lat' dir='ltr'>inveniri.</span> <span class='ocrx_word' id='word_1_106' title='bbox 580 1402 828 1450; x_wconf 88' lang='lat' dir='ltr'>Dicebatur</span> <span class='ocrx_word' id='word_1_107' title='bbox 865 1401 989 1449; x_wconf 89' lang='lat' dir='ltr'>enim</span> <span class='ocrx_word' id='word_1_108' title='bbox 1030 1418 1054 1447; x_wconf 90' lang='lat' dir='ltr'>a</span> <span class='ocrx_word' id='word_1_109' title='bbox 1094 1400 1308 1464; x_wconf 89' lang='lat' dir='ltr'>pluribus</span> <span class='ocrx_word' id='word_1_110' title='bbox 1347 1399 1473 1463; x_wconf 91' lang='lat' dir='ltr'>quod</span> <span class='ocrx_word' id='word_1_111' title='bbox 1515 1404 1616 1446; x_wconf 86' lang='lat' dir='ltr'>erat</span> 
     </span>
     <span class='ocr_line' id='line_1_16' title="bbox 203 1476 1614 1544; baseline -0.002 -18"><span class='ocrx_word' id='word_1_112' title='bbox 203 1496 289 1526; x_wconf 86' lang='lat' dir='ltr'>rex</span> <span class='ocrx_word' id='word_1_113' title='bbox 316 1480 495 1544; x_wconf 80' lang='lat' dir='ltr'>Anglie,</span> <span class='ocrx_word' id='word_1_114' title='bbox 526 1479 608 1527; x_wconf 91' lang='lat' dir='ltr'>sed</span> <span class='ocrx_word' id='word_1_115' title='bbox 635 1479 770 1543; x_wconf 86' lang='lat' dir='ltr'>hujus</span> <span class='ocrx_word' id='word_1_116' title='bbox 796 1479 861 1525; x_wconf 89' lang='lat' dir='ltr'>rei</span> <span class='ocrx_word' id='word_1_117' title='bbox 890 1477 1176 1526; x_wconf 89' lang='lat' dir='ltr'>contrarium</span> <span class='ocrx_word' id='word_1_118' title='bbox 1205 1482 1371 1540; x_wconf 87' lang='lat' dir='ltr'>postea</span> <span class='ocrx_word' id='word_1_119' title='bbox 1392 1476 1614 1540; x_wconf 86' lang='lat' dir='ltr'>probavit</span> 
     </span>
     <span class='ocr_line' id='line_1_17' title="bbox 206 1562 420 1604; baseline 0.005 -1"><span class='ocrx_word' id='word_1_120' title='bbox 206 1562 420 1604; x_wconf 85' lang='lat' dir='ltr'>eventus.</span> 
     </span>
    </p>

    <p class='ocr_par' dir='ltr' id='par_1_3' title="bbox 201 1630 1619 2542">
     <span class='ocr_line' id='line_1_18' title="bbox 273 1630 1610 1696; baseline -0.002 -16"><span class='ocrx_word' id='word_1_121' title='bbox 273 1636 288 1680; x_wconf 74' lang='lat' dir='ltr'>sl</span> <span class='ocrx_word' id='word_1_122' title='bbox 305 1636 354 1680; x_wconf 72' lang='lat'>34</span> <span class='ocrx_word' id='word_1_123' title='bbox 367 1650 431 1681; x_wconf 79' lang='lat' dir='ltr'>-c.</span> <span class='ocrx_word' id='word_1_124' title='bbox 444 1635 615 1680; x_wconf 85' lang='lat' dir='ltr'>——Bex</span> <span class='ocrx_word' id='word_1_125' title='bbox 629 1632 819 1679; x_wconf 85' lang='lat' dir='ltr'>Francie</span> <span class='ocrx_word' id='word_1_126' title='bbox 835 1632 1089 1696; x_wconf 84' lang='lat' dir='ltr'>Philippus,</span> <span class='ocrx_word' id='word_1_127' title='bbox 1108 1637 1270 1678; x_wconf 88' lang='lat' dir='ltr'>contra</span> <span class='ocrx_word' id='word_1_128' title='bbox 1285 1630 1610 1687; x_wconf 86' lang='lat' dir='ltr'>Brabantinos,</span> 
     </span>
     <span class='ocr_line' id='line_1_19' title="bbox 206 1707 1613 1773; baseline -0.003 -16"><span class='ocrx_word' id='word_1_129' title='bbox 206 1713 420 1757; x_wconf 87' lang='lat' dir='ltr'>Hancnes</span> <span class='ocrx_word' id='word_1_130' title='bbox 431 1716 477 1757; x_wconf 85' lang='lat' dir='ltr'>et</span> <span class='ocrx_word' id='word_1_131' title='bbox 491 1709 755 1773; x_wconf 82' lang='lat' dir='ltr'>Flamingos</span> <span class='ocrx_word' id='word_1_132' title='bbox 770 1726 966 1756; x_wconf 89' lang='lat' dir='ltr'>movens</span> <span class='ocrx_word' id='word_1_133' title='bbox 979 1708 1237 1756; x_wconf 85' lang='lat' dir='ltr'>exercitum</span> <span class='ocrx_word' id='word_1_134' title='bbox 1255 1714 1301 1755; x_wconf 88' lang='lat' dir='ltr'>et</span> <span class='ocrx_word' id='word_1_135' title='bbox 1317 1707 1613 1754; x_wconf 87' lang='lat' dir='ltr'>Attrebatum</span> 
     </span>
     <span class='ocr_line' id='line_1_20' title="bbox 203 1782 1613 1848; baseline -0.004 -13"><span class='ocrx_word' id='word_1_136' title='bbox 203 1787 411 1844; x_wconf 81' lang='lat' dir='ltr'>veniens,</span> <span class='ocrx_word' id='word_1_137' title='bbox 440 1787 504 1835; x_wconf 82' lang='lat' dir='ltr'>ibi</span> <span class='ocrx_word' id='word_1_138' title='bbox 533 1793 681 1834; x_wconf 88' lang='lat' dir='ltr'>totum</span> <span class='ocrx_word' id='word_1_139' title='bbox 707 1786 966 1834; x_wconf 87' lang='lat' dir='ltr'>exercitum</span> <span class='ocrx_word' id='word_1_140' title='bbox 992 1785 1275 1848; x_wconf 83' lang='lat' dir='ltr'>expectavit.</span> <span class='ocrx_word' id='word_1_141' title='bbox 1308 1783 1392 1842; x_wconf 85' lang='lat' dir='ltr'>Qui</span> <span class='ocrx_word' id='word_1_142' title='bbox 1419 1782 1613 1846; x_wconf 86' lang='lat' dir='ltr'>premit-</span> 
     </span>
     <span class='ocr_line' id='line_1_21' title="bbox 201 1861 1614 1920; baseline -0.004 -8"><span class='ocrx_word' id='word_1_143' title='bbox 201 1871 304 1913; x_wconf 86' lang='lat' dir='ltr'>tens</span> <span class='ocrx_word' id='word_1_144' title='bbox 321 1865 468 1912; x_wconf 89' lang='lat' dir='ltr'>filium</span> <span class='ocrx_word' id='word_1_145' title='bbox 484 1881 619 1913; x_wconf 90' lang='lat' dir='ltr'>suum</span> <span class='ocrx_word' id='word_1_146' title='bbox 638 1864 912 1920; x_wconf 85' lang='lat' dir='ltr'>Johannem,</span> <span class='ocrx_word' id='word_1_147' title='bbox 935 1862 1102 1910; x_wconf 84' lang='lat' dir='ltr'>ducem</span> <span class='ocrx_word' id='word_1_148' title='bbox 1120 1861 1421 1917; x_wconf 90' lang='lat' dir='ltr'>Normannie,</span> <span class='ocrx_word' id='word_1_149' title='bbox 1448 1866 1498 1907; x_wconf 90' lang='lat' dir='ltr'>ut</span> <span class='ocrx_word' id='word_1_150' title='bbox 1518 1867 1614 1907; x_wconf 91' lang='lat' dir='ltr'>ter-</span> 
     </span>
     <span class='ocr_line' id='line_1_22' title="bbox 203 1937 1614 2001; baseline -0.004 -12"><span class='ocrx_word' id='word_1_151' title='bbox 203 1958 304 1989; x_wconf 86' lang='lat' dir='ltr'>ram</span> <span class='ocrx_word' id='word_1_152' title='bbox 332 1941 514 1989; x_wconf 90' lang='lat' dir='ltr'>comitis</span> <span class='ocrx_word' id='word_1_153' title='bbox 540 1941 748 1988; x_wconf 91' lang='lat' dir='ltr'>Hanonie</span> <span class='ocrx_word' id='word_1_154' title='bbox 774 1941 1058 1996; x_wconf 87' lang='lat' dir='ltr'>devastaret,</span> <span class='ocrx_word' id='word_1_155' title='bbox 1093 1938 1307 2001; x_wconf 89' lang='lat' dir='ltr'>pervenit</span> <span class='ocrx_word' id='word_1_156' title='bbox 1337 1937 1532 1985; x_wconf 80' lang='lat' dir='ltr'>feliciter</span> <span class='ocrx_word' id='word_1_157' title='bbox 1556 1937 1614 1984; x_wconf 92' lang='lat' dir='ltr'>ad</span> 
     </span>
     <span class='ocr_line' id='line_1_23' title="bbox 203 2014 1614 2083; baseline -0.004 -17"><span class='ocrx_word' id='word_1_158' title='bbox 203 2025 443 2083; x_wconf 85' lang='lat' dir='ltr'>optatum,</span> <span class='ocrx_word' id='word_1_159' title='bbox 483 2035 591 2066; x_wconf 85' lang='lat' dir='ltr'>nam</span> <span class='ocrx_word' id='word_1_160' title='bbox 626 2025 833 2066; x_wconf 86' lang='lat' dir='ltr'>castrum</span> <span class='ocrx_word' id='word_1_161' title='bbox 865 2017 993 2080; x_wconf 90' lang='lat' dir='ltr'>quod</span> <span class='ocrx_word' id='word_1_162' title='bbox 1028 2016 1196 2064; x_wconf 90' lang='lat' dir='ltr'>dicitur</span> <span class='ocrx_word' id='word_1_163' title='bbox 1227 2014 1614 2064; x_wconf 72' lang='lat' dir='ltr'>Escandueuvre2</span> 
     </span>
     <span class='ocr_line' id='line_1_24' title="bbox 204 2091 1615 2159; baseline -0.005 -15"><span class='ocrx_word' id='word_1_164' title='bbox 204 2102 408 2144; x_wconf 87' lang='lat' dir='ltr'>castrum</span> <span class='ocrx_word' id='word_1_165' title='bbox 443 2112 630 2159; x_wconf 91' lang='lat' dir='ltr'>quoque</span> <span class='ocrx_word' id='word_1_166' title='bbox 657 2094 783 2158; x_wconf 91' lang='lat' dir='ltr'>quod</span> <span class='ocrx_word' id='word_1_167' title='bbox 815 2096 938 2142; x_wconf 82' lang='lat' dir='ltr'>Tun3</span> <span class='ocrx_word' id='word_1_168' title='bbox 966 2093 1136 2140; x_wconf 90' lang='lat' dir='ltr'>dicitur</span> <span class='ocrx_word' id='word_1_169' title='bbox 1162 2092 1285 2156; x_wconf 81' lang='lat' dir='ltr'>cepit</span> <span class='ocrx_word' id='word_1_170' title='bbox 1312 2091 1615 2154; x_wconf 86' lang='lat' dir='ltr'>funditusque</span> 
     </span>
     <span class='ocr_line' id='line_1_25' title="bbox 203 2169 1618 2228; baseline -0.004 -7"><span class='ocrx_word' id='word_1_171' title='bbox 203 2173 389 2221; x_wconf 83' lang='lat' dir='ltr'>evertit.</span> <span class='ocrx_word' id='word_1_172' title='bbox 410 2172 584 2221; x_wconf 85' lang='lat' dir='ltr'>Deinde</span> <span class='ocrx_word' id='word_1_173' title='bbox 602 2189 705 2228; x_wconf 85' lang='lat' dir='ltr'>rex,</span> <span class='ocrx_word' id='word_1_174' title='bbox 721 2170 930 2219; x_wconf 85' lang='lat' dir='ltr'>Avaudin</span> <span class='ocrx_word' id='word_1_175' title='bbox 946 2170 1195 2227; x_wconf 90' lang='lat' dir='ltr'>transiens,</span> <span class='ocrx_word' id='word_1_176' title='bbox 1211 2169 1339 2217; x_wconf 87' lang='lat' dir='ltr'>venit</span> <span class='ocrx_word' id='word_1_177' title='bbox 1351 2169 1473 2216; x_wconf 87' lang='lat' dir='ltr'>inter</span> <span class='ocrx_word' id='word_1_178' title='bbox 1487 2171 1618 2216; x_wconf 82' lang='lat' dir='ltr'>Insu-</span> 
     </span>
     <span class='ocr_line' id='line_1_26' title="bbox 205 2244 1616 2311; baseline -0.004 -14"><span class='ocrx_word' id='word_1_179' title='bbox 205 2249 297 2297; x_wconf 89' lang='lat' dir='ltr'>lam</span> <span class='ocrx_word' id='word_1_180' title='bbox 333 2256 379 2297; x_wconf 90' lang='lat' dir='ltr'>et</span> <span class='ocrx_word' id='word_1_181' title='bbox 409 2252 613 2296; x_wconf 89' lang='lat' dir='ltr'>Duacum</span> <span class='ocrx_word' id='word_1_182' title='bbox 649 2248 728 2295; x_wconf 91' lang='lat' dir='ltr'>ubi</span> <span class='ocrx_word' id='word_1_183' title='bbox 760 2247 885 2311; x_wconf 82' lang='lat' dir='ltr'>regis</span> <span class='ocrx_word' id='word_1_184' title='bbox 918 2247 1152 2294; x_wconf 86' lang='lat' dir='ltr'>exercitus</span> <span class='ocrx_word' id='word_1_185' title='bbox 1184 2262 1292 2293; x_wconf 90' lang='lat' dir='ltr'>cum</span> <span class='ocrx_word' id='word_1_186' title='bbox 1318 2246 1450 2309; x_wconf 87' lang='lat' dir='ltr'>equis</span> <span class='ocrx_word' id='word_1_187' title='bbox 1484 2244 1616 2309; x_wconf 80' lang='lat' dir='ltr'>gravi</span> 
     </span>
     <span class='ocr_line' id='line_1_27' title="bbox 205 2322 1616 2390; baseline -0.004 -17"><span class='ocrx_word' id='word_1_188' title='bbox 205 2327 329 2390; x_wconf 88' lang='lat' dir='ltr'>cepit</span> <span class='ocrx_word' id='word_1_189' title='bbox 362 2327 631 2373; x_wconf 83' lang='lat' dir='ltr'>infirmitate</span> <span class='ocrx_word' id='word_1_190' title='bbox 666 2325 844 2372; x_wconf 80' lang='lat' dir='ltr'>vexari.</span> <span class='ocrx_word' id='word_1_191' title='bbox 881 2324 1085 2372; x_wconf 86' lang='lat' dir='ltr'>Audiens</span> <span class='ocrx_word' id='word_1_192' title='bbox 1121 2323 1323 2386; x_wconf 82' lang='lat' dir='ltr'>denique</span> <span class='ocrx_word' id='word_1_193' title='bbox 1366 2322 1494 2385; x_wconf 87' lang='lat' dir='ltr'>quod</span> <span class='ocrx_word' id='word_1_194' title='bbox 1532 2337 1616 2368; x_wconf 77' lang='lat' dir='ltr'>rex</span> 
     </span>
     <span class='ocr_line' id='line_1_28' title="bbox 206 2399 1618 2467; baseline -0.004 -17"><span class='ocrx_word' id='word_1_195' title='bbox 206 2404 367 2467; x_wconf 79' lang='lat' dir='ltr'>Anglie</span> <span class='ocrx_word' id='word_1_196' title='bbox 396 2420 617 2467; x_wconf 79' lang='lat' dir='ltr'>magnum</span> <span class='ocrx_word' id='word_1_197' title='bbox 647 2402 883 2466; x_wconf 83' lang='lat' dir='ltr'>navigium</span> <span class='ocrx_word' id='word_1_198' title='bbox 903 2407 1201 2464; x_wconf 86' lang='lat' dir='ltr'>preparasset</span> <span class='ocrx_word' id='word_1_199' title='bbox 1225 2399 1284 2446; x_wconf 91' lang='lat' dir='ltr'>ad</span> <span class='ocrx_word' id='word_1_200' title='bbox 1312 2400 1618 2446; x_wconf 80' lang='lat' dir='ltr'>transfretan-</span> 
     </span>
     <span class='ocr_line' id='line_1_29' title="bbox 207 2476 1619 2542; baseline -0.004 -15"><span class='ocrx_word' id='word_1_201' title='bbox 207 2479 318 2527; x_wconf 90' lang='lat' dir='ltr'>dum</span> <span class='ocrx_word' id='word_1_202' title='bbox 342 2481 387 2527; x_wconf 89' lang='lat' dir='ltr'>in</span> <span class='ocrx_word' id='word_1_203' title='bbox 407 2481 629 2528; x_wconf 85' lang='lat' dir='ltr'>auxilium</span> <span class='ocrx_word' id='word_1_204' title='bbox 651 2479 1016 2542; x_wconf 83' lang='lat' dir='ltr'>Flamingorum,</span> <span class='ocrx_word' id='word_1_205' title='bbox 1041 2484 1230 2540; x_wconf 89' lang='lat' dir='ltr'>accepta</span> <span class='ocrx_word' id='word_1_206' title='bbox 1252 2477 1400 2524; x_wconf 89' lang='lat' dir='ltr'>classe</span> <span class='ocrx_word' id='word_1_207' title='bbox 1427 2476 1619 2538; x_wconf 82' lang='lat' dir='ltr'>Piquar-</span> 
     </span>
    </p>
   </div>
   <div class='ocr_carea' id='block_1_3' title="bbox 211 2611 1619 2891">
    <p class='ocr_par' dir='ltr' id='par_1_4' title="bbox 257 2611 561 2646">
     <span class='ocr_line' id='line_1_30' title="bbox 257 2611 561 2646; baseline 0 -1"><span class='ocrx_word' id='word_1_208' title='bbox 257 2612 289 2645; x_wconf 81' lang='grc'>1.</span> <span class='ocrx_word' id='word_1_209' title='bbox 314 2611 385 2646; x_wconf 83' lang='lat' dir='ltr'>MS.</span> <span class='ocrx_word' id='word_1_210' title='bbox 410 2612 561 2646; x_wconf 75' lang='lat' dir='ltr'>hiidem.</span> 
     </span>
    </p>

    <p class='ocr_par' dir='ltr' id='par_1_5' title="bbox 256 2666 1354 2715">
     <span class='ocr_line' id='line_1_31' title="bbox 256 2666 1354 2715; baseline -0.004 -10"><span class='ocrx_word' id='word_1_211' title='bbox 256 2671 290 2705; x_wconf 69' lang='lat'>⁶2.</span> <span class='ocrx_word' id='word_1_212' title='bbox 312 2669 638 2715; x_wconf 73' lang='lat' dir='ltr'>Escandoeuvres,</span> <span class='ocrx_word' id='word_1_213' title='bbox 661 2668 779 2714; x_wconf 72' lang='lat' dir='ltr'>Nol-d,</span> <span class='ocrx_word' id='word_1_214' title='bbox 803 2679 878 2703; x_wconf 71' lang='lat' dir='ltr'>arr.</span> <span class='ocrx_word' id='word_1_215' title='bbox 902 2672 939 2703; x_wconf 82' lang='lat' dir='ltr'>ct</span> <span class='ocrx_word' id='word_1_216' title='bbox 963 2670 1065 2702; x_wconf 81' lang='lat' dir='ltr'>cant.</span> <span class='ocrx_word' id='word_1_217' title='bbox 1089 2666 1134 2702; x_wconf 89' lang='lat' dir='ltr'>dc</span> <span class='ocrx_word' id='word_1_218' title='bbox 1156 2666 1354 2702; x_wconf 75' lang='lat' dir='ltr'>Gambrai.</span> 
     </span>
    </p>

    <p class='ocr_par' dir='ltr' id='par_1_6' title="bbox 211 2723 1619 2891">
     <span class='ocr_line' id='line_1_32' title="bbox 259 2723 1617 2774; baseline -0.002 -12"><span class='ocrx_word' id='word_1_219' title='bbox 259 2727 293 2762; x_wconf 83' lang='lat'>3.</span> <span class='ocrx_word' id='word_1_220' title='bbox 317 2741 333 2760; x_wconf 89' lang='lat'>«</span> <span class='ocrx_word' id='word_1_221' title='bbox 355 2728 472 2763; x_wconf 86' lang='lat' dir='ltr'>Thini</span> <span class='ocrx_word' id='word_1_222' title='bbox 496 2741 511 2761; x_wconf 86' lang='lat'>»</span> <span class='ocrx_word' id='word_1_223' title='bbox 536 2727 702 2774; x_wconf 83' lang='lat' dir='ltr'>(Contin.</span> <span class='ocrx_word' id='word_1_224' title='bbox 734 2727 779 2762; x_wconf 83' lang='lat' dir='ltr'>dc</span> <span class='ocrx_word' id='word_1_225' title='bbox 807 2726 1028 2761; x_wconf 76' lang='lat' dir='ltr'>Guillaume</span> <span class='ocrx_word' id='word_1_226' title='bbox 1055 2725 1101 2761; x_wconf 89' lang='lat' dir='ltr'>de</span> <span class='ocrx_word' id='word_1_227' title='bbox 1128 2725 1292 2772; x_wconf 78' lang='lat' dir='ltr'>Nangis,</span> <span class='ocrx_word' id='word_1_228' title='bbox 1323 2730 1348 2760; x_wconf 85' lang='lat' dir='ltr'>t.</span> <span class='ocrx_word' id='word_1_229' title='bbox 1379 2723 1430 2769; x_wconf 82' lang='lat' dir='ltr'>II,</span> <span class='ocrx_word' id='word_1_230' title='bbox 1454 2735 1489 2770; x_wconf 89' lang='lat' dir='ltr'>p.</span> <span class='ocrx_word' id='word_1_231' title='bbox 1515 2723 1617 2766; x_wconf 70' lang='lat' dir='ltr'>¹l(‘›S);</span> 
     </span>
     <span class='ocr_line' id='line_1_33' title="bbox 211 2780 1619 2831; baseline -0.001 -14"><span class='ocrx_word' id='word_1_232' title='bbox 211 2804 258 2811; x_wconf 93' lang='lat'>—</span> <span class='ocrx_word' id='word_1_233' title='bbox 280 2798 296 2817; x_wconf 88' lang='lat'>«</span> <span class='ocrx_word' id='word_1_234' title='bbox 318 2784 403 2820; x_wconf 87' lang='lat' dir='ltr'>Tun</span> <span class='ocrx_word' id='word_1_235' title='bbox 424 2785 626 2831; x_wconf 87' lang='lat' dir='ltr'>l’Evesquc</span> <span class='ocrx_word' id='word_1_236' title='bbox 651 2798 664 2819; x_wconf 85' lang='lat'>»</span> <span class='ocrx_word' id='word_1_237' title='bbox 688 2785 863 2825; x_wconf 75' lang='lat' dir='ltr'>(Grandes</span> <span class='ocrx_word' id='word_1_238' title='bbox 886 2784 1124 2828; x_wconf 75' lang='lat' dir='ltr'>Chronz&#39;ques,</span> <span class='ocrx_word' id='word_1_239' title='bbox 1147 2788 1174 2818; x_wconf 84' lang='lat' dir='ltr'>t.</span> <span class='ocrx_word' id='word_1_240' title='bbox 1195 2782 1244 2827; x_wconf 82' lang='lat' dir='ltr'>V,</span> <span class='ocrx_word' id='word_1_241' title='bbox 1266 2793 1301 2827; x_wconf 88' lang='lat' dir='ltr'>p.</span> <span class='ocrx_word' id='word_1_242' title='bbox 1325 2781 1420 2827; x_wconf 67' lang='lat'>38⁶2).</span> <span class='ocrx_word' id='word_1_243' title='bbox 1455 2780 1619 2827; x_wconf 68' lang='lat' dir='ltr'>Aujour-</span> 
     </span>
     <span class='ocr_line' id='line_1_34' title="bbox 214 2835 1390 2891; baseline -0.003 -13"><span class='ocrx_word' id='word_1_244' title='bbox 214 2843 316 2879; x_wconf 80' lang='lat' dir='ltr'>d&#39;liui</span> <span class='ocrx_word' id='word_1_245' title='bbox 337 2835 688 2891; x_wconf 67' lang='lat' dir='ltr'>&#39;l&#39;liun-l&#39;Evesquc,</span> <span class='ocrx_word' id='word_1_246' title='bbox 710 2843 829 2890; x_wconf 67' lang='lat' dir='ltr'>Nortl,</span> <span class='ocrx_word' id='word_1_247' title='bbox 852 2854 926 2878; x_wconf 80' lang='lat' dir='ltr'>arr.</span> <span class='ocrx_word' id='word_1_248' title='bbox 950 2848 989 2878; x_wconf 86' lang='lat' dir='ltr'>et</span> <span class='ocrx_word' id='word_1_249' title='bbox 1009 2848 1110 2878; x_wconf 76' lang='lat' dir='ltr'>cant.</span> <span class='ocrx_word' id='word_1_250' title='bbox 1135 2841 1180 2877; x_wconf 86' lang='lat' dir='ltr'>de</span> <span class='ocrx_word' id='word_1_251' title='bbox 1202 2840 1390 2876; x_wconf 72' lang='lat' dir='ltr'>Cambrai.</span> 
     </span>
    </p>
   </div>
  </div>
 </body>
</html>
