2060 3345
297 299 395 345 1‘28'1]
635 303 841 335 CHRONICI
868 304 998 335 PRIMA
1025 304 1330 335 CONTINUATIO.
1620 299 1684 335 189

292 379 411 426 rium
446 379 547 442 (sic)
577 378 707 426 urbis
737 379 1035 427 existentium
1061 380 1146 427 sub
1174 378 1379 427 custodia
1407 378 1685 426 vicariorum

291 472 410 518 quos
430 455 579 502 isdem
599 472 718 518 papa
737 455 1058 512 constituerat,
1086 472 1246 519 parem
1268 455 1543 510 dominium,
1569 455 1686 501 invi-

290 532 347 578 tis
367 532 559 588 Ursinis,
582 531 858 578 habuerunt.
883 534 949 578 Ita
971 532 1097 594 quod
1119 548 1176 579 ex
1198 538 1334 594 pacto
1354 532 1475 579 inter
1495 547 1576 578 eos
1594 547 1682 594 pro

291 608 696 655 Hanibaldensium
730 625 867 664 unt1S,
906 625 993 671 pro
1027 615 1158 671 parte
1194 609 1464 656 Ursinorum
1493 608 1608 655 alius
1640 608 1685 654 in

290 685 512 748 Capitolio
533 685 758 732 senatoris
778 685 981 732 officium
1007 690 1221 748 gerentes
1244 685 1429 732 fuerunt
1449 684 1686 732 constituti

289 762 375 808 sub
413 778 613 824 quorum
656 761 881 826 regimine
924 761 1066 808 multa
1110 761 1355 808 homicidia
1393 762 1685 824 plurimeque

289 836 599 885 dissensiones
620 843 663 885 et
685 837 767 884 alia
790 838 907 884 mala
930 837 1271 901 quamplurima
1290 843 1396 884 sunt
1416 838 1568 885 habita
1589 843 1685 885 tam

288 913 332 959 in
359 914 482 962 Urbe
509 930 648 977 quam
674 914 719 961 in
746 915 844 978 ejus
870 914 1081 961 districtu
1110 920 1154 961 et
1180 920 1335 961 tamen
1362 914 1604 976 impunita.

352 1006 397 1052 9.
428 1018 490 1025 -
514 990 688 1037 Eodem
716 995 930 1054 tempore
960 990 1153 1053 parabat
1180 990 1415 1054 navigium
1438 992 1601 1037 Petrus
1628 989 1686 1037 de

288 1067 515 1131 Aragonia
533 1073 694 1114 contra
711 1067 953 1114 domiuum
974 1067 1214 1123 Karolum‚
1235 1083 1393 1131 regem
1413 1067 1578 1122 Sicilie,
1602 1067 1683 1114 sed

289 1159 337 1189 se
365 1143 479 1190 velle
506 1143 822 1191 Sarraceniam
846 1143 1077 1191 debellare
1097 1143 1319 1208 fingebat.

819 1274 861 1318 M
879 1273 944 1318 CC
963 1273 1154 1318 LXXXI.

358 1379 467 1442 Cap.
495 1378 656 1426 CXXII
676 1395 719 1425 a.
739 1406 801 1414 —
818 1380 949 1426 Anno
976 1378 1157 1425 Domini
1183 1377 1235 1426 M⁰
1248 1377 1323 1426 CC⁰
1337 1383 1517 1435 LXXX1⁰‚
1540 1377 1585 1424 in
1613 1377 1687 1425 die

288 1456 504 1503 cathedre
541 1456 690 1503 Sancti
725 1455 864 1510 Petri,
894 1455 1134 1510 Martinus,
1165 1454 1349 1501 natione
1385 1454 1599 1510 Gallicus,
1629 1453 1687 1501 de

287 1532 575 1595 Monpincien
588 1533 631 1578 in
645 1533 765 1588 Bria,
779 1533 951 1594 Symon
965 1537 1069 1578 ante
1081 1531 1247 1587 dictus,
1260 1530 1446 1594 eligitur
1459 1530 1502 1577 in
1516 1547 1686 1594 papam

288 1614 333 1655 ct
355 1608 480 1671 apud
501 1608 673 1656 Urbem
694 1614 918 1664 veterem,
938 1608 986 1656 X⁰
1005 1608 1227 1655 kalendas
1248 1607 1423 1671 aprilis,
1445 1624 1688 1654 consecra-

287 1690 381 1731 tur.
405 1685 487 1731 Hic
507 1685 697 1741 electus,
721 1685 765 1731 in
794 1691 1055 1732 senatorem
1079 1685 1215 1732 Urbis
1241 1684 1298 1731 ad
1324 1684 1466 1731 vitam
1492 1685 1594 1731 loco
1618 1684 1687 1732 sui

288 1761 482 1808 instituit
508 1777 667 1825 regem
694 1761 839 1808 Sicilie
866 1761 1086 1808 Karolum
1113 1767 1158 1808 et
1184 1761 1242 1808 de
1274 1761 1415 1808 domo
1448 1778 1528 1808 seu
1556 1761 1688 1807 fami-

288 1838 344 1884 lia
370 1838 516 1901 ipsius
541 1838 665 1902 regis
683 1838 883 1901 sumpsit
910 1839 1078 1886 milites
1097 1838 1155 1886 ad
1176 1838 1433 1902 regendum
1461 1838 1687 1901 patrimo-

288 1915 414 1962 nium
441 1918 646 1962 Romane
672 1915 889 1963 Ecclesie.
921 1919 969 1962 In
996 1915 1266 1963 Romaniola
1292 1932 1406 1962 vero
1438 1915 1687 1962 destinavit

287 1992 504 2038 comitem
528 1991 767 2039 dominum
788 1991 1045 2039 Johannem
1069 1991 1126 2039 de
1147 1991 1262 2054 Apia
1284 2008 1390 2038 cum
1411 1991 1685 2038 soldanariis

290 2069 392 2132 (sic)
408 2069 701 2133 Francigenis
718 2069 811 2116 fere
823 2069 1098 2133 octingentis
1110 2074 1270 2116 contra
1285 2068 1545 2116 Guidonem
1560 2072 1686 2116 Mon-

287 2144 468 2192 tisfeltri
500 2144 578 2207 qui
609 2149 783 2191 terram
813 2146 1018 2192 Romane
1050 2144 1250 2192 Ecclesie
1282 2145 1327 2191 in
1357 2144 1443 2191 illis
1474 2144 1686 2207 partibus

289 2227 559 2284 occupatam
595 2221 847 2268 detinebat.
877 2220 960 2278 Qui
988 2220 1136 2268 Guido
1164 2220 1222 2268 de
1248 2220 1431 2268 civitate
1458 2220 1502 2267 in
1527 2220 1687 2267 civita-

290 2305 382 2346 tem
400 2298 624 2345 malitiose
643 2315 690 2345 se
710 2298 994 2344 transferens
1012 2297 1129 2345 infra
1145 2298 1365 2345 fortalicia
1388 2315 1435 2345 sc
1448 2298 1682 2349 tuebatur,

289 2376 522 2422 interdum
555 2374 749 2437 predam
780 2374 964 2438 rapiens
998 2380 1047 2422 ut
1083 2391 1140 2421 ex
1172 2392 1224 2422 ea
1263 2391 1485 2438 sequaces
1525 2391 1684 2438 pasce-

289 2457 468 2499 rentur.

353 2529 394 2575 b.
425 2556 487 2564 -
517 2532 582 2576 Eo
613 2534 843 2591 tempore,
874 2527 998 2591 apud
1028 2528 1200 2577 Urbem
1226 2534 1433 2576 veterem
1467 2533 1568 2575 orta
1605 2527 1687 2574 fuit

290 2604 519 2652 discordia
550 2621 717 2669 magna
753 2604 872 2651 inter
900 2610 1088 2668 gentem
1121 2605 1246 2669 regis
1282 2605 1429 2652 Sicilie
1463 2610 1507 2651 ct
1538 2603 1684 2651 Urbe-

291 2686 536 2728 veteranos
561 2687 623 2737 et,
654 2686 704 2728 ut
732 2680 862 2727 multi
887 2680 1112 2737 referunt,
1139 2683 1347 2729 Renerus
1382 2688 1488 2727 tunc
1515 2680 1687 2742 capita-

292 2775 422 2814 neus,
463 2758 856 2822 Urbeveterani[sl
894 2775 1134 2806 assensum
1175 2759 1401 2822 prebebat
1435 2765 1483 2805 ut
1520 2774 1602 2805 rex
1643 2763 1688 2804 et
