2060 3345
303 318 402 362 1356]
528 320 733 352 RICHARDI
761 319 888 352 SGOTI
917 319 1123 352 CHRONICI
1152 319 1459 352 CONTINUATIO.
1633 316 1695 351 107

296 407 343 446 et
387 399 530 446 nobili
575 397 813 446 comittiva
856 399 1134 445 avunculum
1184 414 1319 445 suum
1364 398 1699 461 imperatorem

296 475 406 522 adiit
424 475 503 539 qui
524 482 633 522 tunc
650 475 780 522 Metis
801 474 1048 529 residebat,
1074 493 1098 521 a
1117 492 1211 537 quo
1231 474 1472 522 effabiliter
1489 480 1535 522 et
1555 474 1700 521 hono-

295 553 422 599 rifice
450 558 710 614 susceptus.
741 550 911 600 Videns
931 550 1187 613 imperator
1216 557 1385 598 statum
1412 551 1510 615 ejus
1536 567 1701 613 super-

294 629 440 676 fluum
467 628 512 674 in
538 626 827 674 vestimentis
853 643 967 673 auro
986 633 1032 673 et
1050 627 1249 690 gemmis
1268 627 1514 678 contextis,
1545 627 1700 690 ipsum

296 705 429 751 valde
455 703 694 767 redarguit
714 702 915 749 maxime
936 718 1043 749 cum
1062 703 1150 749 hoc
1171 703 1257 750 sibi
1280 720 1370 751 non
1392 704 1566 760 liceret,
1587 719 1699 766 rege

294 784 428 842 patre
454 778 704 841 captivato,
734 794 1008 825 succursum
1033 785 1189 824 tamen
1222 779 1396 826 rediret
1422 779 1539 826 sicut
1571 794 1699 825 rece-

294 855 410 902 dens
426 854 676 919 jusserat&

359 932 472 981 248.
497 959 560 966 —
577 934 756 978 Moneta
777 947 916 978 aurea
934 937 980 977 et
1004 937 1240 994 argentea,
1265 932 1537 979 auctoritate
1555 931 1699 995 ipsius

294 1008 537 1064 fabricata,
586 1024 671 1071 per
714 1007 911 1054 civitatis
955 1007 1158 1070 compita
1192 1007 1525 1070 proclamatur,
1565 1008 1698 1071 cujus

292 1090 448 1131 tamen
478 1100 666 1131 cursum
698 1082 965 1146 prepositus
997 1089 1313 1131 mercatorum
1339 1090 1385 1131 et
1420 1085 1558 1147 aliqui
1587 1085 1700 1131 bur-

292 1177 458 1224 genses
491 1160 548 1207 de
585 1159 703 1207 facto
739 1159 1073 1223 impedierunt,
1115 1160 1323 1207 dicentes
1359 1160 1486 1223 quod
1528 1161 1615 1207 hoc
1650 1161 1695 1207 in

292 1237 418 1300 regie
443 1236 729 1284 auctoritatis
754 1242 800 1283 et
826 1236 973 1299 plebis
999 1236 1308 1300 prejudicium
1335 1237 1626 1284 vertebatur.

358 1313 471 1361 249.
494 1340 557 1347 —
587 1312 786 1361 Rediens
824 1318 981 1359 autem
1016 1313 1224 1376 prefatus
1258 1313 1352 1360 dux
1392 1314 1700 1377 archiepisco-

293 1406 405 1452 pum
438 1392 770 1444 Senonensem,
806 1388 1110 1436 Guillermuin
1144 1389 1202 1436 de
1233 1389 1493 1445 Meleduno‚
1533 1390 1698 1437 comit-

294 1473 387 1513 tem
408 1466 466 1513 de
479 1466 726 1522 Rouciaco,
748 1465 989 1512 dominum
1009 1465 1066 1512 de
1081 1466 1240 1521 Revel‚
1263 1466 1502 1513 dominum
1523 1467 1701 1515 Rober-

293 1549 393 1590 tum
419 1542 476 1589 de
508 1542 725 1589 Lorriaco
756 1542 814 1589 ad
846 1541 1047 1589 eundem
1078 1542 1371 1605 prepositum
1405 1543 1530 1590 misit
1561 1560 1700 1606 quem

293 1618 339 1664 in
380 1617 571 1665 ecclesia
614 1617 769 1665 Sancti
802 1617 1020 1665 Germani
1060 1617 1468 1666 Autissidiorensis
1503 1636 1699 1683 rogave-

293 1700 400 1742 runt
427 1700 477 1741 ut
508 1700 826 1757 compesceret
858 1694 1102 1757 populum,
1134 1711 1190 1740 ne
1218 1694 1275 1741 de
1308 1702 1493 1742 moneta
1518 1696 1698 1759 procla-

293 1776 415 1818 mata
449 1777 780 1827 murmuraret,
821 1771 903 1818 sed
940 1771 1046 1817 inde
1083 1771 1214 1818 multi
1243 1773 1464 1819 commoti
1491 1779 1535 1819 et
1566 1772 1696 1835 quasi

291 1847 588 1902 insanientes,
628 1847 830 1894 dimissis
871 1847 1064 1911 privatis
1101 1848 1342 1911 operibus,
1385 1849 1490 1896 illuc
1531 1849 1695 1895 armati

292 1930 538 1971 venerunt.
570 1924 699 1971 Unde
719 1924 815 1971 dux
839 1925 1007 1972 timens
1035 1942 1092 1972 ne
1118 1925 1225 1972 inde
1253 1925 1523 1973 scandalum
1551 1926 1697 1972 orire—

291 2006 369 2048 tur
395 2000 465 2047 vel
492 2001 663 2064 aliquid
690 2001 976 2049 horrendum
997 2008 1342 2065 perpetrarent,
1374 2009 1568 2050 evocato
1590 2020 1696 2066 pre.-

292 2077 463 2140 posito,
507 2083 552 2124 et
597 2094 791 2141 parcens
836 2079 1010 2142 populo
1056 2079 1328 2126 forefactum
1370 2074 1515 2143 quod,
1563 2080 1694 2143 quasi

339 2211 370 2245 1.
394 2210 622 2247 L'omission
643 2211 688 2247 de
709 2211 900 2258 plusieurs
926 2217 1039 2259 mots,
1062 2213 1135 2249 due
1159 2224 1250 2249 sans
1276 2213 1389 2250 doute
1410 2225 1459 2249 au
1481 2214 1624 2261 copiste
1646 2214 1694 2250 du

290 2270 519 2316 manuscrit,
543 2271 635 2306 rend
662 2276 762 2307 cette
789 2270 965 2308 derniere
994 2273 1134 2319 phrase
1163 2272 1548 2319 incomprehensible.
1570 2293 1616 2299 —
1636 2273 1695 2308 En

290 2329 558 2376 consequence
580 2330 644 2365 des
666 2335 942 2377 engagements
962 2330 1040 2376 pris
1060 2331 1081 2366 a
1097 2331 1196 2367 Metz
1219 2342 1312 2368 avec
1335 2332 1366 2367 le
1387 2331 1571 2378 dauphin,
1587 2332 1696 2368 l'eni-

289 2398 424 2433 pereur
451 2387 607 2424 Charles
628 2388 684 2423 IV
705 2388 904 2433 intervint‚
927 2388 992 2423 des
1014 2389 1164 2425 l'annee
1187 2390 1291 2434 1356,
1314 2402 1408 2436 pour
1433 2391 1617 2435 menager
1643 2402 1693 2425 un

290 2446 401 2481 traite
431 2446 476 2482 de
506 2447 594 2493 paix
624 2452 732 2483 entre
754 2438 931 2483 Edouard
952 2447 1009 2483 III
1030 2453 1067 2483 et
1089 2448 1122 2484 le
1151 2449 1204 2484 roi
1231 2448 1276 2484 de
1298 2449 1460 2492 France,
1484 2460 1632 2485 comme
1662 2449 1694 2485 le

289 2510 440 2540 mentre
466 2505 500 2540 le
528 2506 720 2551 fragment
747 2506 792 2541 de
819 2511 970 2553 compte
1001 2506 1155 2542 suivant
1182 2507 1227 2542 de
1255 2513 1354 2543 cette
1382 2508 1507 2543 nieme
1535 2509 1658 2543 annea
1686 2521 1691 2542 z

291 2576 307 2595 «
330 2562 536 2599 Jakemino
566 2564 754 2609 Bremier,
785 2565 941 2609 clerice,
970 2570 1007 2600 et
1036 2564 1187 2600 Conrad
1217 2565 1262 2601 de
1288 2566 1511 2613 Rydbergli,
1541 2567 1692 2602 nuncii>-

288 2621 542 2667 imperatoris,
566 2623 808 2660 venientibus
830 2624 869 2658 in
891 2623 1076 2670 Angliam
1099 2636 1187 2660 cum
1210 2625 1347 2661 litteris
1372 2625 1543 2672 ejusdem
1572 2626 1694 2671 impe-

290 2679 424 2714 ratoris
447 2681 694 2727 tangentibus
714 2686 923 2717 tractatum
944 2681 1045 2717 inter
1065 2681 1264 2718 dominum
1287 2683 1434 2729 Regem
1456 2688 1492 2718 ct
1514 2682 1692 2718 advers-,i-

290 2737 389 2772 rium
411 2749 523 2774 sunm
546 2739 718 2785 Francia,
744 2739 921 2775 videlicet
941 2739 1099 2776 cuilibet
1118 2751 1253 2777 eorum
1275 2753 1293 2777 c
1314 2753 1343 2777 s.
1362 2754 1383 2777 x
1406 2742 1429 2777 l.
1449 2754 1463 2774 ι)
1483 2741 1588 2785 (Rec.
1612 2742 1691 2787 olil,

289 2797 400 2832 Eaech.
426 2799 607 2843 Treasury
627 2802 663 2844 os
685 2801 741 2835 the
761 2801 911 2844 Receipt,
936 2800 1102 2843 Miscell„
1127 2800 1262 2845 49s22).
