2060 3345
239 308 341 354 1358]
466 312 672 344 RICHARDI
700 311 826 344 SCOTI
856 311 1063 344 CHRONICI
1091 312 1399 344 CONTINUATIO.
1572 311 1635 348 133

234 390 451 438 custodes
488 396 536 438 et
575 390 775 454 populus
813 396 1091 454 aggregatus
1131 391 1445 453 proditionem
1488 392 1635 440 lucide

232 467 542 529 percipientes
560 467 602 513 in
626 482 731 514 eum
746 466 1101 514 insurrexerunt
1117 474 1162 514 et
1179 483 1284 514 cum
1302 483 1357 514 eo
1372 467 1635 531 Philippum

234 542 422 590 Giffardi
448 549 493 590 et
519 546 769 607 Symonem
794 542 836 589 le
861 543 1075 590 Paumier
1101 544 1387 592 occiderunt.
1412 545 1524 592 Inde
1550 562 1636 608 per

231 618 464 666 civitatem
492 625 742 682 querentes
763 618 875 664 alios
896 618 1174 681 proditionis
1195 621 1462 684 complices,
1486 638 1635 685 prope

232 702 416 757 portam
436 695 626 743 Baudeti
649 696 904 744 Johannem
928 694 986 741 de
1012 696 1180 752 Insula,
1202 697 1419 760 Egidium
1438 698 1634 745 Marcelli

230 778 276 818 et
296 772 552 820 Johannem
578 772 754 819 dictum
780 774 942 818 Porret
964 770 1129 818 eodem
1153 772 1329 835 impetu
1356 780 1637 821 necaverunt

229 854 275 895 et
291 848 349 895 ad
371 848 565 896 domum
585 850 750 896 Sancte
767 847 1017 896 Katherine
1039 848 1177 896 Vallis
1197 850 1453 897 Scolarium
1473 867 1635 898 eorum

228 941 427 988 corpora
444 924 726 981 detulerunt,
744 930 998 972 statuentes
1018 930 1069 972 ut
1084 925 1162 972 ubi
1176 925 1384 989 jacerent
1402 927 1636 975 inhumata

228 1018 377 1065 usque
390 1002 448 1049 ad
463 1001 715 1048 adventum
731 1001 905 1048 domini
919 1000 1051 1048 ducis
1066 1002 1288 1065 regentis.
1306 1007 1407 1065 Ipsa
1419 1010 1464 1050 et
1475 1004 1635 1051 eadem

228 1077 302 1125 die
335 1077 456 1140 capti
486 1083 594 1124 sunt
620 1093 678 1123 ex
705 1076 1009 1139 complicibus
1035 1079 1262 1140 prepositi
1292 1079 1497 1126 famosus
1526 1080 1637 1127 bur-

228 1153 383 1217 gensis
401 1159 592 1199 vocatus
613 1152 810 1200 Karoius
829 1156 1026 1199 Taussac
1045 1159 1087 1200 et
1110 1157 1387 1201 Josceranus
1405 1155 1463 1201 de
1482 1156 1636 1203 Matis-

228 1246 358 1286 cone,
376 1229 500 1293 regis
514 1232 717 1276 Navarre
732 1229 1066 1284 thesaurarius,
1085 1236 1130 1276 et
1144 1230 1189 1275 in
1205 1231 1448 1278 Castelleto
1470 1232 1606 1293 positi
1623 1251 1632 1286 ;

229 1307 311 1353 sed
346 1306 533 1353 tandem
572 1306 629 1352 ad
666 1306 924 1353 sedandum
960 1306 1210 1353 tumultum
1249 1307 1371 1354 idem
1404 1308 1556 1355 educti
1593 1309 1637 1354 in

228 1383 377 1447 platea
399 1383 565 1431 Gravic
587 1383 799 1429 decollati
822 1383 1008 1429 fuerunt
1025 1383 1182 1445 ibique
1203 1384 1348 1431 relicti
1371 1384 1520 1431 donec
1541 1385 1637 1432 dux

229 1476 309 1506 eos
331 1459 645 1523 pretereundo
666 1459 989 1522 conspexisset
1007 1466 1174 1523 etpost
1191 1460 1234 1507 in
1254 1461 1448 1509 fluvium
1467 1464 1637 1509 Secane

228 1542 337 1582 sunt
374 1534 584 1598 projecti.
624 1535 949 1582 Proditoribus
984 1536 1170 1592 occisis,
1206 1537 1376 1600 gaudio
1412 1545 1458 1584 et
1496 1538 1638 1585 letitia

227 1611 389 1658 civitas
411 1612 586 1674 repleta
614 1611 715 1668 fuit,
746 1612 921 1658 clamor
947 1611 1189 1659 benivolus
1215 1613 1388 1675 ubique
1415 1614 1638 1660 acclama-

227 1689 363 1736 batur
389 1688 493 1736 duci
521 1689 617 1752 qui,
641 1689 850 1751 sequenti
872 1689 946 1735 die
973 1696 1210 1746 evocatus,
1237 1690 1392 1736 Villam
1418 1690 1638 1753 pacificus

227 1782 334 1812 cum
360 1782 444 1813 suo
472 1765 678 1812 exercitu
706 1765 974 1830 ingrediens
1008 1767 1262 1813 honorifice
1298 1774 1515 1830 receptus
1547 1774 1633 1821 est,

227 1842 354 1904 quod
390 1858 474 1888 rex
505 1845 709 1889 Navarre
746 1858 838 1888 non
874 1842 973 1890 sine
1005 1842 1341 1890 admiratione1
1371 1860 1539 1907 magna
1573 1845 1638 1890 sic

226 1918 452 1981 percepit.
483 1922 599 1965 Nam
624 1924 826 1965 mortem
846 1921 1091 1966 carorum2
1113 1936 1306 1967 suorum
1333 1920 1638 1984 indignantis-

226 1995 340 2041 sime
364 1995 517 2042 ferens
543 2001 589 2041 et
614 1995 672 2041 ad
699 1995 1065 2042 destructionem
1092 1996 1290 2043 civitatis
1310 1997 1462 2044 modis
1489 1998 1638 2043 omni-

226 2071 313 2117 bus
351 2071 594 2127 anhelanS,
630 2087 737 2118 cum
774 2073 895 2119 circa
936 2075 1154 2120 Sanctum
1190 2074 1498 2121 Laurencium
1531 2092 1637 2122 cum

226 2148 433 2195 exercitu
468 2148 588 2211 pede
622 2149 717 2196 fixo
750 2149 997 2196 stationem
1034 2150 1206 2198 faciens
1246 2151 1507 2199 consuleret
1545 2169 1638 2215 quo

227 2224 368 2271 modo
391 2225 479 2271 hoc
506 2224 680 2272 facilius
706 2233 882 2289 posset,
908 2243 994 2289 per
1011 2227 1254 2290 pulverem
1274 2228 1557 2275 immensum
1579 2230 1635 2276 ad

227 2301 421 2349 modum
461 2301 573 2349 fumi
608 2303 799 2350 maximi
835 2320 1001 2351 versus
1037 2311 1223 2367 portam
1260 2306 1414 2353 Sancti
1451 2308 1636 2353 Antonii

227 2378 574 2436 ascendentem,
614 2379 746 2426 ducis
784 2380 1048 2444 ingressum
1085 2382 1313 2444 percepit.
1353 2386 1409 2430 Et
1447 2389 1554 2430 tunc
1589 2400 1637 2429 se

226 2455 390 2502 videns
423 2472 450 2501 a
482 2455 718 2503 desiderio
757 2457 942 2519 penitus
980 2457 1279 2514 destitutum,
1316 2459 1470 2505 animo
1503 2475 1638 2506 cons-

226 2538 433 2579 ternatus
464 2539 509 2579 et
542 2533 706 2590 tristis,
737 2534 861 2596 apud
895 2536 1112 2581 Sanctum
1144 2535 1417 2598 Dyonisium
1450 2536 1638 2583 reduxit

227 2609 486 2657 exercitum
521 2615 568 2656 et
602 2627 661 2657 ex
696 2617 804 2658 tunc
842 2611 1065 2673 quamdiu
1099 2611 1273 2660 ibidem
1307 2613 1514 2660 interfuit
1549 2613 1638 2659 cir-

282 2740 311 2773 1.
338 2738 407 2773 Ms.
432 2742 669 2775 amiratione.

280 2797 313 2832 2.
339 2797 406 2832 Ms.
433 2799 624 2833 karorum.
