2060 3345
432 306 453 341 2
807 306 1009 338 RICHARDI
1037 305 1162 337 SCOTI
1190 304 1453 337 ClIRONICON.
1722 300 1826 347 [1328

430 404 483 434 ac
509 386 759 450 quemdam
784 387 977 431 fratrem
1002 383 1231 430 minorem
1256 383 1443 431 nomine
1466 386 1654 430 Petrum
1674 386 1826 431 Ranu-

430 463 541 510 chii1
577 464 831 527 elegerunt,
869 461 1025 523 ipsum
1056 476 1186 507 more
1212 461 1347 507 solito
1371 463 1712 507 consecrantes.
1743 459 1827 516 Qui

430 540 494 587 sic
528 540 818 586 introductus
857 536 1115 584 cardinales
1150 536 1237 583 sibi
1275 536 1412 600 elegit
1447 535 1543 582 fere
1574 551 1736 582 omnes
1771 535 1828 582 de

429 616 591 663 ordine
639 613 997 662 mendicantium
1045 613 1318 669 existentes,
1365 611 1578 675 quamvis
1620 618 1828 659 asserant

428 692 559 739 multi
578 693 666 738 hoc
689 707 782 737 non
809 689 1093 753 processisse
1124 689 1182 737 de
1208 688 1488 736 conscientia
1514 688 1645 735 ducis
1670 687 1829 734 Baioa-

426 768 494 815 rie
516 767 753 815 Ludovici.
775 767 932 814 Dictus
956 772 1112 814 autem
1138 765 1356 829 antipapa
1382 765 1461 827 qui
1488 764 1618 827 prius
1644 764 1828 811 diceba-

426 851 503 891 tur
522 843 665 891 frater
687 846 851 891 Petrus
873 843 1058 890 vocavit
1083 859 1132 890 se
1157 842 1427 889 Nicholaum
1453 841 1683 903 quintum.
1714 843 1827 889 Cum

428 936 540 967 vero
574 920 791 983 antipapa
829 936 935 967 cum
967 918 1200 967 Ludovico
1241 916 1560 981 importabiles
1598 933 1828 980 expensas

427 996 595 1044 cotidie
637 996 863 1053 facerent,
905 1013 989 1044 nec
1030 1000 1191 1059 posset
1232 1000 1310 1042 aut
1345 994 1484 1041 vellet
1519 1010 1599 1041 eos
1632 993 1830 1057 amplius

427 1089 648 1120 romanus
684 1073 885 1136 populus
918 1072 1134 1119 tollerare
1168 1070 1428 1118 necessario
1461 1069 1687 1133 compulsi
1724 1075 1827 1116 sunt

426 1149 484 1197 de
525 1149 709 1196 civitate
751 1149 880 1196 exire
923 1154 969 1196 et
1012 1148 1118 1195 hinc
1158 1147 1266 1195 inde
1313 1163 1400 1210 per
1438 1147 1647 1194 civitates
1686 1146 1828 1193 Ytalie

427 1226 631 1291 evagari.

490 1304 583 1351 2-0.
601 1330 665 1338 -
681 1305 804 1365 Papa
823 1304 846 1349 J
851 1302 1056 1348 ohannes
1076 1301 1270 1348 fratrem
1289 1300 1552 1347 Michaelem
1567 1299 1829 1364 generalem

427 1380 568 1427 totius
604 1378 781 1425 ordinis
818 1378 1016 1425 fratrum
1047 1377 1283 1424 minorum
1312 1376 1539 1423 Avinione
1572 1382 1684 1423 tunc
1711 1382 1830 1423 tem-

425 1455 554 1518 poris
584 1453 859 1501 existentem
889 1452 947 1499 ad
982 1469 1031 1500 se
1063 1457 1242 1508 evocat,
1280 1451 1543 1515 precipiens
1580 1452 1626 1498 in
1659 1451 1830 1498 virtute

424 1538 581 1579 sancte
613 1529 881 1578 obediencie
911 1535 962 1576 ut
995 1546 1048 1576 ea
1077 1545 1167 1592 que
1192 1528 1250 1575 ad
1280 1528 1638 1575 declarationem
1670 1528 1830 1592 regule

426 1625 591 1657 eorum
631 1607 833 1654 maxime
875 1611 1101 1669 quantum
1134 1605 1194 1652 ad
1232 1622 1285 1652 ea
1325 1622 1416 1668 que
1459 1604 1517 1652 de
1556 1609 1832 1669 paupertate

426 1684 690 1750 evangelica
716 1689 987 1747 preceperat
1015 1682 1212 1729 firmiter
1231 1682 1504 1729 observaret
1532 1686 1579 1728 et
1605 1681 1691 1729 sibi
1721 1681 1831 1728 sub-

425 1762 534 1810 ditis
560 1761 821 1824 preciperet
853 1759 1179 1806 inviolabiliter
1201 1758 1460 1806 observari.
1496 1758 1580 1815 Qui
1613 1757 1700 1805 sibi
1732 1774 1831 1805 res-

426 1838 613 1903 pondit,
654 1844 704 1885 ut
741 1837 926 1894 dicitur,
965 1840 1254 1900 arroganter,
1293 1851 1345 1882 ac
1387 1840 1494 1882 octo
1529 1834 1738 1888 dierum,
1780 1839 1831 1881 ut

425 1914 589 1962 melius
621 1913 947 1976 responderet,
983 1912 1185 1960 indutias
1217 1911 1502 1975 impetravit.
1541 1911 1830 1958 Indutiarum

427 2008 539 2038 vero
576 1997 789 2054 tempore
831 1990 1139 2054 perdurante,
1177 1988 1415 2053 predictus
1460 1989 1603 2035 frater
1644 1987 1830 2036 Michael

423 2084 530 2116 cum
574 2067 777 2131 quodam
823 2067 967 2115 fratre
1013 2066 1136 2114 dicto
1182 2065 1460 2129 Bonagratia
1480 2067 1498 2094 ²
1531 2064 1830 2128 quodamque

476 2197 509 2233 1.
533 2209 549 2230 «
572 2195 710 2232 Petrus
732 2194 959 2240 Rainalutii,
984 2207 999 2228 »
1022 2194 1170 2241 d'apres
1190 2194 1224 2229 le
1243 2192 1525 2230 Continuateur
1545 2192 1590 2227 de
1612 2191 1832 2228 Guillaume

427 2253 473 2290 de
494 2253 656 2300 Nangis,
673 2258 700 2289 t.
722 2253 775 2299 II,
792 2265 827 2300 p.
845 2253 908 2295 8&
925 2272 971 2279 -
987 2265 1001 2285 «
1024 2252 1153 2289 Pierre
1176 2252 1380 2297 Ranuehe,
1397 2264 1413 2284 »
1431 2250 1579 2297 d'apres
1601 2250 1656 2287 les
1671 2250 1832 2286 Grandes

429 2313 664 2357 Chroniques,
688 2318 715 2348 t.
734 2313 783 2359 V,
804 2324 840 2359 p.
864 2313 945 2348 307.
969 2311 1102 2347 Pierre
1123 2311 1313 2347 Ranuche
1333 2321 1380 2346 ou
1402 2309 1447 2345 de
1472 2310 1643 2354 Gorbara,
1669 2308 1717 2344 du
1740 2320 1831 2344 nom

429 2371 474 2407 de
495 2371 531 2406 16
551 2371 639 2407 ville
661 2373 708 2407 ou
729 2371 755 2406 il
777 2371 869 2407 etait
895 2371 959 2417 ne,
981 2381 1029 2406 en
1057 2369 1249 2414 Abruzze,
1270 2369 1393 2416 quitta
1422 2379 1463 2404 sa
1493 2368 1632 2404 semme
1662 2379 1711 2404 en
1742 2367 1832 2403 1310

429 2442 524 2477 pour
552 2435 681 2466 entrer
710 2430 806 2465 dans
836 2430 890 2466 les
919 2429 1051 2465 ordres
1081 2429 1268 2465 mineurs.
1291 2428 1323 2463 Il
1344 2427 1401 2462 fut
1430 2427 1490 2463 elu
1520 2437 1616 2473 pape
1636 2426 1670 2462 16
1693 2427 1734 2462 12)
1757 2426 1834 2461 mai

430 2490 520 2526 1328
544 2489 713 2535 (Baluze,
741 2491 823 2524 Vz'toe
839 2500 926 2534 pap.
945 2490 1132 2533 sz'm‘on„
1159 2493 1185 2524 t.
1208 2488 1240 2533 Ι,
1263 2487 1334 2523 601.
1359 2486 1439 2531 141,
1461 2485 1556 2531 702).

476 2549 510 2585 2.
534 2549 649 2584 Frere
667 2562 682 2581 «
702 2548 947 2594 Bonagratia,
968 2561 982 2581 »
1001 2547 1045 2584 de
1061 2548 1265 2594 Bergame,
1281 2545 1355 2592 prit
1374 2545 1473 2592 parti
1488 2544 1672 2591 quelques
1688 2544 1834 2579 annees

430 2608 515 2656 plus
536 2608 619 2644 tard
641 2612 773 2644 contre
795 2607 828 2643 16
849 2618 943 2653 pape
963 2607 1064 2642 Jean
1085 2606 1205 2642 XXII
1225 2605 1322 2641 dans
1344 2605 1399 2640 les
1420 2603 1657 2639 discussions
1683 2602 1832 2639 theolo-

430 2669 563 2715 giques
584 2667 783 2703 soulevees
805 2677 851 2701 au
875 2666 973 2712 sujet
994 2665 1039 2701 de
1060 2666 1097 2701 la
1117 2665 1244 2702 vision
1264 2662 1469 2710 heatifique
1492 2662 1687 2708 (Nicolaus
1709 2661 1834 2697 Mino-

432 2727 517 2762 rita.
540 2726 639 2761 Bibl.
663 2730 758 2771 nat.,
781 2725 844 2762 lat.
867 2725 972 2770 5154,
995 2724 1057 2760 fol.
1082 2723 1147 2759 303
1170 2731 1229 2770 νος
1252 2722 1403 2759 Denisse
1424 2727 1460 2758 et
1482 2721 1696 2768 Chatelain,
1720 2722 1832 2757 Char-

435 2787 500 2819 tul.
529 2787 688 2820 [Jnivers.
712 2786 845 2825 Paris„
870 2788 896 2819 t.
919 2783 966 2827 Il,
991 2794 1027 2829 p.
1049 2783 1130 2829 290,
1154 2782 1252 2826 436).
