2060 3345
396 306 483 354 xxvj
920 310 1257 344 lNTRODUCTION.

446 466 523 508 IV.
549 465 797 509 Premie're
820 465 1153 507 Continuatz'on
1174 467 1230 508 de
1254 463 1439 509 Ger-ard
1460 467 1516 508 de
1534 466 1733 508 Fracloet

641 539 831 596 re’diye’e
852 540 881 583 ἀ
899 541 1207 584 Saint-Dem's
1229 541 1536 598 (1268-1285).

449 683 562 724 Dans
575 680 727 723 l'etude
741 694 821 736 que
835 694 939 723 nous
955 694 1090 724 avons
1103 681 1192 738 deja
1218 681 1335 732 citee,
1355 684 1411 724 M.
1434 683 1623 732 Brosiem
1640 682 1788 738 frappe

390 759 460 800 (168
486 758 718 799 nombreux
745 761 961 813 emprunts
992 758 1090 800 faits
1120 773 1197 814 par
1227 759 1464 801 Guillaume
1488 759 1538 800 de
1566 760 1732 814 Nangis
1761 758 1786 801 3

390 835 546 876 Martin
573 834 622 875 de
641 834 837 888 Troppau
865 838 906 875 et
931 834 956 876 a
986 848 1050 876 ses
1078 835 1415 884 Contffluations,
1446 840 1486 876 et
1515 838 1788 890 remarquant

387 910 601 951 d'ailleurs
637 910 696 951 les
734 908 975 952 differences
1011 912 1278 953 nombreuses
1317 912 1389 966 qui
1426 911 1485 953 les
1525 909 1780 966 separaient,

387 984 524 1027 s'etait
541 985 743 1027 demande
763 987 797 1027 si
817 986 994 1028 l’oeuvre
1014 987 1064 1028 de
1090 988 1266 1035 Martin,
1291 991 1425 1029 avant
1444 987 1493 1029 de
1517 1001 1663 1043 passer
1682 987 1788 1029 dans

386 1062 427 1104 13
452 1062 716 1116 chronique
741 1063 798 1104 de
823 1063 1091 1106 Guillaume
1120 1065 1175 1106 de
1196 1064 1391 1119 Ncmyis,
1415 1064 1579 1105 n’avait
1598 1077 1675 1118 pas
1695 1063 1787 1104 subi

388 1153 443 1180 un
462 1139 641 1193 premier
656 1139 957 1181 remaniement
977 1138 1002 1181 3
1018 1140 1304 1182 Saint-Denis.
1324 1140 1435 1182 C’est
1449 1144 1555 1181 cette
1574 1138 1787 1181 redaction

386 1214 695 1256 intermediaire
716 1229 794 1270 que
814 1228 920 1257 nous
933 1229 1115 1271 croyons
1136 1221 1382 1258 rencontrer
1399 1216 1504 1258 dans
1523 1217 1565 1258 la
1585 1216 1788 1272 premiere

386 1291 685 1333 Continuation
718 1291 768 1333 de
799 1290 961 1333 Gerard
990 1292 1039 1334 de
1071 1293 1265 1334 Frachet.
1302 1294 1416 1334 Dans
1448 1296 1555 1334 cette
1584 1292 1787 1348 premiere

387 1367 702 1417 Continuation,
718 1366 972 1423 posterieure
986 1381 1075 1410 aux
1091 1370 1228 1411 Gesta
1242 1370 1399 1411 sancti
1411 1369 1649 1418 Ludovz‘ci,
1664 1367 1788 1411 ante-

385 1444 534 1493 rieure,
556 1458 609 1486 ou
624 1444 677 1486 du
693 1445 827 1487 moins
847 1446 1187 1500 eontemporaine
1204 1445 1253 1487 de
1273 1445 1313 1487 13
1329 1444 1545 1487 redaction
1560 1445 1632 1487 des
1650 1446 1788 1488 Gesta

385 1520 600 1575 Philippi
618 1521 761 1570 tertii,
780 1526 820 1563 et
833 1522 1136 1563 certainement
1155 1520 1393 1563 anterieure
1412 1521 1436 1563 3
1456 1535 1502 1564 83
1521 1522 1787 1577 Chronique

387 1598 685 1648 universale,
716 1598 956 1641 Guillaume
985 1598 1034 1640 de
1063 1599 1231 1654 Nangis
1263 1599 1406 1640 aurait
1433 1597 1598 1640 retraoe
1626 1612 1680 1641 ou
1710 1599 1788 1641 fait

386 1678 572 1716 retracer
590 1687 669 1729 par
688 1688 745 1715 un
763 1674 812 1716 de
832 1688 896 1716 ses
915 1674 1249 1717 collaborateurs
1268 1675 1310 1717 13
1329 1675 1437 1717 suite
1457 1675 1788 1731 chronologique

386 1750 456 1792 des
481 1748 746 1792 &venements
775 1751 824 1792 de
851 1750 964 1793 1268
983 1749 1007 1792 a
1030 1751 1158 1800 1285,
1185 1764 1236 1792 en
1265 1765 1308 1793 86
1328 1755 1502 1793 servant
1529 1752 1788 1794 essentielle-

386 1831 500 1868 ment
519 1826 568 1868 de
593 1826 770 1869 l'oeuvre
797 1826 847 1868 de
866 1828 1028 1870 Martin
1047 1827 1097 1869 de
1116 1827 1313 1883 Troppau
1339 1831 1379 1869 et
1403 1827 1453 1870 de
1472 1841 1537 1869 ses
1561 1829 1788 1870 continua—

384 1906 514 1954 teurs,
537 1917 643 1958 pour
661 1903 866 1946 l’histoire
886 1904 935 1946 de
955 1904 1079 1947 Sioile
1097 1907 1138 1946 et
1154 1904 1225 1945 (168
1246 1917 1388 1959 papeS‚
1412 1908 1452 1946 et
1471 1917 1524 1946 en
1541 1919 1573 1960 y
1593 1905 1787 1961 ajoutant

385 1980 434 2021 (16
461 1979 610 2022 breves
641 1981 799 2022 notices
829 1994 935 2036 pour
966 1981 1027 2022 168
1057 1980 1157 2023 faits
1188 1994 1397 2023 survenus
1428 1995 1479 2022 en
1509 1982 1690 2024 France.
1720 1983 1786 2024 En

385 2056 578 2098 utilisant
605 2056 699 2112 plus
724 2056 820 2098 tard
843 2060 949 2099 cette
974 2056 1277 2100 Continuation
1301 2057 1405 2100 dans
1428 2071 1474 2100 83
1495 2057 1578 2101 Vie
1603 2058 1653 2099 de
1680 2058 1787 2100 Phi-

384 2133 496 2188 lippe
512 2133 575 2175 III
595 2136 635 2174 et
653 2132 759 2175 dans
779 2146 825 2175 83
845 2133 1103 2189 Chronique,
1121 2134 1151 2175 il
1171 2135 1314 2176 aurait
1329 2132 1393 2176 ete
1410 2134 1559 2176 amene
1578 2134 1602 2176 a
1619 2132 1786 2177 reduire

384 2209 425 2251 13
445 2212 542 2265 part
561 2209 632 2251 des
651 2207 917 2252 &venements
938 2209 988 2252 de
1005 2212 1137 2253 Rome
1156 2214 1196 2252 et
1215 2210 1265 2253 de
1285 2211 1410 2254 sicile
1429 2214 1470 2253 et
1488 2211 1513 2253 a
1534 2209 1786 2267 developper

385 2299 441 2328 au
461 2286 671 2328 contraire
683 2286 743 2328 les
762 2284 888 2328 recits
900 2286 972 2329 des
990 2287 1087 2329 faits
1100 2287 1261 2330 relatifs
1275 2287 1299 2330 3
1314 2288 1518 2330 l'histoire
1537 2288 1587 2330 de
1601 2288 1780 2331 France.

444 2363 511 2405 Un
531 2363 711 2418 premier
735 2364 854 2418 point
873 2363 959 2405 doit
985 2362 1072 2405 &tre
1097 2363 1312 2406 considere
1341 2377 1500 2406 comme
1525 2365 1785 2407 incontesta-

384 2438 565 2481 hlement
595 2440 758 2494 aequis,
795 2440 898 2482 c'est
926 2438 1203 2483 l'anteriorite
1234 2440 1289 2483 du
1322 2444 1436 2483 texte
1463 2440 1513 2483 de
1541 2442 1703 2483 Martin
1735 2441 1785 2484 de

385 2517 583 2571 Troppau
593 2519 634 2556 et
643 2516 692 2557 de
706 2529 750 2558 83
766 2515 968 2571 premiere
981 2517 1285 2560 Continuation
1297 2517 1432 2559 allant
1438 2517 1636 2573 jusqu'en
1650 2517 1780 2560 1285.

387 2592 448 2634 La
462 2591 670 2634 troisieme
683 2592 899 2634 redaction
914 2593 963 2634 de
978 2593 1153 2643 Martin,
1172 2595 1243 2649 qui
1258 2594 1429 2637 conduit
1442 2593 1502 2635 les
1515 2591 1784 2637 evenements

381 2667 551 2725 jusqu’a
584 2668 712 2718 1277,
741 2683 767 2711 3
796 2667 851 2710 dfi
876 2667 965 2711 &tre
992 2669 1208 2726 composee
1236 2684 1291 2712 au
1320 2670 1414 2725 plus
1443 2669 1538 2712 tard
1567 2683 1616 2711 en
1649 2670 1778 2720 1278,

387 2745 483 2787 date
503 2745 553 2787 de
571 2746 612 2788 13
634 2749 744 2787 mort
762 2745 812 2787 de
827 2745 1025 2788 l’auteur.
1049 2747 1192 2796 Quant
1212 2746 1237 2789 a
1257 2747 1299 2789 la
1325 2745 1528 2803 premiere
1547 2747 1784 2790 Continua-
