2060 3345
416 332 480 367 ¹162
649 332 850 365 RlCHARDl
879 329 1005 363 SCOTI
1035 328 1242 361 CHRONICI
1271 328 1576 361 CONTINUATIO.
1700 327 1804 373 [1364

937 444 978 488 Μ
996 442 1097 489 CCC
1116 443 1287 488 LXIIII.

483 552 592 598 343.
623 577 686 585 —
715 550 848 596 Anno
878 548 1061 594 Domini
1094 551 1155 595 ΜΟ
1173 549 1292 597 CCC⁰
1310 547 1497 602 LXIIlI⁰,
1534 548 1653 594 circa
1679 549 1808 610 prin-

415 627 585 689 cipium
611 624 781 681 martii,
815 624 1057 671 dominum
1080 640 1239 688 regem
1267 624 1522 672 johannem
1548 623 1593 669 in
1628 624 1810 670 civitate

412 701 756 749 Londoniarum
788 700 944 764 gravis
979 700 1240 763 arripuerat
1274 699 1517 763 egritud03
1554 716 1645 761 qua
1682 700 1811 746 inva-

413 777 629 832 lescente,
661 792 768 823 cum
794 776 956 838 phisici
983 776 1040 823 de
1070 776 1216 823 salute
1243 776 1454 838 corporis
1486 775 1806 839 desperarent,

412 852 470 898 ad
497 852 746 909 Christum,
778 868 1012 899 summum
1044 852 1275 899 medicum
1300 851 1577 908 animarum,
1614 853 1809 899 recurrit

410 934 473 984 et,
516 928 744 991 susceptis
780 928 1080 975 devotissime
1122 928 1444 974 ecclesiasticis
1489 928 1805 983 sacramentis,

409 1009 572 1050 octava
604 1003 678 1051 die
716 1004 944 1067 apprillis,
984 1021 1105 1050 anno
1137 1005 1272 1051 etatis
1308 1021 1389 1051 sue
1426 1003 1810 1068 quinquagesimo

411 1080 566 1136 tertio,
586 1080 710 1127 diem
724 1081 920 1144 signavit
938 1080 1167 1127 ultimum.
1189 1080 1322 1137 Quod
1339 1079 1530 1127 audiens
1549 1096 1632 1126 rex
1648 1080 1810 1143 Anglie

408 1155 668 1214 Eduardus,
693 1157 758 1203 sic
784 1157 1062 1203 intrinsecus
1088 1156 1235 1203 doluit
1260 1172 1312 1202 ac
1337 1156 1374 1203 si
1392 1156 1537 1203 filium
1564 1155 1808 1219 proprium

407 1232 653 1279 amisisset.
690 1233 920 1280 Successit
958 1237 1115 1280 autem
1152 1232 1304 1279 eidem
1341 1232 1558 1279 dominus
1592 1233 1806 1289 Karolus,

408 1308 505 1355 dux
530 1310 794 1366 Normanie,
816 1324 932 1358 XXVI
957 1326 1103 1356 annos
1123 1314 1232 1356 tunc
1253 1325 1410 1373 agens.
1439 1308 1671 1371 Quidquid
1691 1314 1811 1355 trac-

410 1391 583 1432 tatores
600 1386 846 1433 amborum
864 1401 1026 1450 regum
1043 1385 1415 1432 deliberaverunt
1432 1385 1622 1432 effectu¹
1644 1384 1806 1441 caruit,

408 1462 640 1523 quamvis,
671 1468 722 1509 ut
747 1462 983 1509 ferebatur
1009 1461 1211 1525 publice,
1240 1462 1383 1508 multa
1409 1461 1472 1508 ibi
1499 1461 1557 1508 ad
1585 1461 1809 1508 honorem

407 1545 454 1583 et
479 1538 723 1585 utilitatem
747 1555 1002 1602 regnorum
1023 1538 1328 1584 determinata
1349 1537 1561 1584 fuissent.

477 1614 588 1661 344.
624 1643 687 1650 —
728 1615 884 1678 Captio
920 1615 1136 1661 villarum
1169 1614 1376 1661 Medunte
1414 1621 1457 1661 et
1490 1613 1710 1661 Mellenti.
1750 1641 1813 1649 —

409 1692 622 1748 Karolus,
643 1691 741 1739 dux
759 1691 1023 1748 Normanie,
1047 1691 1126 1754 qui
1147 1691 1297 1738 adhuc
1316 1691 1496 1738 obitum
1516 1690 1662 1754 patris
1682 1690 1813 1754 igno-

409 1766 567 1823 rabat,
608 1767 707 1830 ejus
738 1767 1024 1830 jussionibus
1062 1767 1390 1830 obtemperare
1435 1766 1655 1829 cupiens,
1705 1772 1811 1829 post

409 1842 580 1889 Pascha
611 1843 828 1889 comitem
864 1843 1317 1890 Autissiodorensem
1348 1849 1393 1890 et
1424 1842 1666 1890 dominum
1702 1846 1813 1889 Ber-

409 1925 627 1965 trannum
654 1919 712 1965 de
733 1919 969 1981 Glasquin,
994 1919 1186 1966 militem
1213 1925 1454 1966 strenuum
1477 1918 1690 1981 quamvis
1719 1934 1811 1964 non

411 1994 608 2041 multum
642 1995 934 2057 locupletem,
974 1996 1158 2042 natione
1190 1995 1446 2053 Britonum,
1483 1995 1627 2042 fretos
1659 2011 1813 2041 armo-

411 2086 516 2116 rum
542 2070 853 2127 multitudine,
882 2071 941 2118 ad
974 2076 1131 2134 partes
1156 2071 1436 2117 Normannie
1463 2077 1625 2117 contra
1652 2086 1812 2134 regem

412 2149 614 2193 Navarre
646 2147 910 2194 destinavit.
947 2148 1091 2211 Hujus
1123 2154 1278 2194 autem
1312 2148 1473 2194 bellice
1504 2146 1813 2210 expeditionis

413 2240 580 2286 penam
602 2224 647 2270 in
670 2225 895 2271 cautelam
917 2225 1108 2288 cupiens
1134 2231 1441 2280 commutare,
1465 2224 1523 2271 ad
1550 2224 1811 2286 captionem

412 2300 627 2347 Medunte
647 2318 737 2363 que
761 2301 806 2347 in
827 2306 926 2348 toto
946 2301 1152 2348 dominio
1175 2301 1299 2365 regis
1324 2304 1527 2347 Navarrc
1548 2300 1814 2364 principalis

415 2376 518 2422 villa
537 2383 636 2423 erat
656 2377 853 2423 instituit
874 2378 1114 2434 inchoare;
1133 2378 1259 2441 quod
1277 2394 1362 2440 per
1380 2377 1621 2424 consilium
1638 2377 1810 2423 domini

412 2453 654 2499 Bertranni
684 2453 748 2499 sic
781 2454 979 2518 peregit.
1020 2458 1084 2501 De
1115 2454 1301 2501 civitate
1329 2470 1530 2516 namque
1562 2454 1814 2501 Rothoma-

413 2530 543 2592 gensi
572 2530 733 2577 decem
766 2531 889 2577 milia
920 2532 1160 2579 hominum
1194 2532 1403 2595 pugilum
1435 2531 1709 2588 accersiens,
1747 2530 1815 2577 eis

413 2676 594 2713 Gaucher
616 2676 661 2712 de
683 2676 888 2723 Chatillon‚
913 2678 1102 2724 capitaine
1126 2678 1171 2715 (le
1196 2678 1345 2724 Reims,
1368 2678 1463 2714 dans
1490 2678 1524 2713 le
1546 2677 1614 2713 but
1639 2677 1684 2713 de
1706 2677 1812 2713 forti-

416 2736 483 2772 fier
504 2736 539 2771 la
559 2736 661 2773 ville.
686 2736 754 2782 (Gr.
776 2749 905 2783 supra,
928 2744 969 2774 n⁰
991 2738 1086 2784 308.)

464 2797 495 2829 l.
522 2796 591 2832 Ms.
614 2798 755 2840 affectu.
