<?xml version="1.0" encoding="UTF-8"?>
<!DOCTYPE html PUBLIC "-//W3C//DTD XHTML 1.0 Transitional//EN"
    "http://www.w3.org/TR/xhtml1/DTD/xhtml1-transitional.dtd">
<html xmlns="http://www.w3.org/1999/xhtml" xml:lang="en" lang="en">
 <head>
  <title>
</title>
<meta http-equiv="Content-Type" content="text/html;charset=utf-8" />
  <meta name='ocr-system' content='tesseract 3.04.00' />
  <meta name='ocr-capabilities' content='ocr_page ocr_carea ocr_par ocr_line ocrx_word'/>
</head>
<body>
  <div class='ocr_page' id='page_1' title='image "./chroniquedericha00lescuoft_0257.png"; bbox 0 0 2060 3345; ppageno 0'>
   <div class='ocr_carea' id='block_1_1' title="bbox 240 313 1626 359">
    <p class='ocr_par' dir='ltr' id='par_1_1' title="bbox 240 313 1626 359">
     <span class='ocr_line' id='line_1_1' title="bbox 240 313 1626 359; baseline 0.004 -10"><span class='ocrx_word' id='word_1_1' title='bbox 240 313 338 359; x_wconf 69' lang='lat'>1270]</span> <span class='ocrx_word' id='word_1_2' title='bbox 578 315 785 348; x_wconf 90' lang='lat' dir='ltr'>CHRONICI</span> <span class='ocrx_word' id='word_1_3' title='bbox 811 317 942 348; x_wconf 84' lang='lat' dir='ltr'><strong>PRIMA</strong></span> <span class='ocrx_word' id='word_1_4' title='bbox 970 316 1276 351; x_wconf 85' lang='lat' dir='ltr'><strong>CONTINUATIO.</strong></span> <span class='ocrx_word' id='word_1_5' title='bbox 1561 319 1626 354; x_wconf 78' lang='lat'>183</span> 
     </span>
    </p>
   </div>
   <div class='ocr_carea' id='block_1_2' title="bbox 229 393 1631 1204">
    <p class='ocr_par' dir='ltr' id='par_1_2' title="bbox 229 393 1631 1204">
     <span class='ocr_line' id='line_1_2' title="bbox 236 393 1628 461; baseline 0.003 -19"><span class='ocrx_word' id='word_1_6' title='bbox 236 399 412 442; x_wconf 89' lang='lat' dir='ltr'>tantum</span> <span class='ocrx_word' id='word_1_7' title='bbox 444 393 809 442; x_wconf 87' lang='lat' dir='ltr'>Christianorum</span> <span class='ocrx_word' id='word_1_8' title='bbox 841 394 1066 442; x_wconf 81' lang='lat' dir='ltr'><strong>crevisset</strong></span> <span class='ocrx_word' id='word_1_9' title='bbox 1091 397 1322 444; x_wconf 88' lang='lat' dir='ltr'>exercitus</span> <span class='ocrx_word' id='word_1_10' title='bbox 1351 398 1476 461; x_wconf 88' lang='lat' dir='ltr'>quod</span> <span class='ocrx_word' id='word_1_11' title='bbox 1509 399 1628 446; x_wconf 87' lang='lat' dir='ltr'>circa</span> 
     </span>
     <span class='ocr_line' id='line_1_3' title="bbox 232 469 1629 536; baseline 0.002 -18"><span class='ocrx_word' id='word_1_12' title='bbox 232 477 309 519; x_wconf 79' lang='lat' dir='ltr'>CCa</span> <span class='ocrx_word' id='word_1_13' title='bbox 334 469 472 516; x_wconf 86' lang='lat' dir='ltr'>millia</span> <span class='ocrx_word' id='word_1_14' title='bbox 498 474 810 532; x_wconf 80' lang='lat' dir='ltr'>pugnatorum</span> <span class='ocrx_word' id='word_1_15' title='bbox 835 469 1106 517; x_wconf 75' lang='lat' dir='ltr'>crederetur</span> <span class='ocrx_word' id='word_1_16' title='bbox 1134 478 1180 518; x_wconf 87' lang='lat' dir='ltr'>et</span> <span class='ocrx_word' id='word_1_17' title='bbox 1208 479 1476 535; x_wconf 80' lang='lat' dir='ltr'>speraretur</span> <span class='ocrx_word' id='word_1_18' title='bbox 1502 474 1629 536; x_wconf 85' lang='lat' dir='ltr'>quod</span> 
     </span>
     <span class='ocr_line' id='line_1_4' title="bbox 233 546 1629 597; baseline 0.003 -4"><span class='ocrx_word' id='word_1_19' title='bbox 233 563 324 593; x_wconf 88' lang='lat' dir='ltr'>non</span> <span class='ocrx_word' id='word_1_20' title='bbox 346 546 495 593; x_wconf 89' lang='lat' dir='ltr'>solum</span> <span class='ocrx_word' id='word_1_21' title='bbox 521 549 710 593; x_wconf 84' lang='lat' dir='ltr'>Terram</span> <span class='ocrx_word' id='word_1_22' title='bbox 732 551 938 592; x_wconf 81' lang='lat' dir='ltr'>sanctam</span> <span class='ocrx_word' id='word_1_23' title='bbox 965 546 1046 593; x_wconf 92' lang='lat' dir='ltr'>sed</span> <span class='ocrx_word' id='word_1_24' title='bbox 1074 553 1119 594; x_wconf 92' lang='lat' dir='ltr'>et</span> <span class='ocrx_word' id='word_1_25' title='bbox 1145 550 1461 596; x_wconf 84' lang='lat' dir='ltr'>Sarraceniam</span> <span class='ocrx_word' id='word_1_26' title='bbox 1483 555 1629 597; x_wconf 88' lang='lat' dir='ltr'>totam</span> 
     </span>
     <span class='ocr_line' id='line_1_5' title="bbox 232 621 1629 690; baseline 0.004 -20"><span class='ocrx_word' id='word_1_27' title='bbox 232 623 481 687; x_wconf 81' lang='lat' dir='ltr'>subjugare</span> <span class='ocrx_word' id='word_1_28' title='bbox 523 621 816 675; x_wconf 82' lang='lat' dir='ltr'>debuissent,</span> <span class='ocrx_word' id='word_1_29' title='bbox 856 622 1059 684; x_wconf 88' lang='lat' dir='ltr'>peccatis</span> <span class='ocrx_word' id='word_1_30' title='bbox 1100 624 1415 688; x_wconf 84' lang='lat' dir='ltr'>exigentibus,</span> <span class='ocrx_word' id='word_1_31' title='bbox 1454 627 1629 690; x_wconf 81' lang='lat' dir='ltr'>absque</span> 
     </span>
     <span class='ocr_line' id='line_1_6' title="bbox 232 697 1629 765; baseline 0.002 -19"><span class='ocrx_word' id='word_1_32' title='bbox 232 699 439 747; x_wconf 89' lang='lat' dir='ltr'>ulteriori</span> <span class='ocrx_word' id='word_1_33' title='bbox 470 698 680 753; x_wconf 89' lang='lat' dir='ltr'>utilitate,</span> <span class='ocrx_word' id='word_1_34' title='bbox 711 703 781 744; x_wconf 89' lang='lat' dir='ltr'>est</span> <span class='ocrx_word' id='word_1_35' title='bbox 814 697 1071 760; x_wconf 87' lang='lat' dir='ltr'>dispersus.</span> <span class='ocrx_word' id='word_1_36' title='bbox 1103 703 1216 746; x_wconf 90' lang='lat' dir='ltr'>Nam</span> <span class='ocrx_word' id='word_1_37' title='bbox 1243 702 1421 765; x_wconf 80' lang='lat' dir='ltr'>legatus</span> <span class='ocrx_word' id='word_1_38' title='bbox 1453 702 1629 749; x_wconf 91' lang='lat' dir='ltr'>domini</span> 
     </span>
     <span class='ocr_line' id='line_1_7' title="bbox 231 773 1630 838; baseline 0.003 -16"><span class='ocrx_word' id='word_1_39' title='bbox 231 792 350 838; x_wconf 90' lang='lat' dir='ltr'>pape</span> <span class='ocrx_word' id='word_1_40' title='bbox 365 775 444 837; x_wconf 89' lang='lat' dir='ltr'>qui</span> <span class='ocrx_word' id='word_1_41' title='bbox 458 775 585 837; x_wconf 90' lang='lat' dir='ltr'>ipsos</span> <span class='ocrx_word' id='word_1_42' title='bbox 600 773 800 837; x_wconf 83' lang='lat' dir='ltr'>dirigere</span> <span class='ocrx_word' id='word_1_43' title='bbox 815 773 1039 821; x_wconf 84' lang='lat' dir='ltr'>debuerat</span> <span class='ocrx_word' id='word_1_44' title='bbox 1052 791 1138 837; x_wconf 89' lang='lat' dir='ltr'>per</span> <span class='ocrx_word' id='word_1_45' title='bbox 1150 782 1350 823; x_wconf 89' lang='lat' dir='ltr'>mortem</span> <span class='ocrx_word' id='word_1_46' title='bbox 1366 777 1630 826; x_wconf 87' lang='lat' dir='ltr'>subtractus</span> 
     </span>
     <span class='ocr_line' id='line_1_8' title="bbox 230 850 1631 918; baseline 0.003 -20"><span class='ocrx_word' id='word_1_47' title='bbox 230 858 345 898; x_wconf 87' lang='lat' dir='ltr'>erat.</span> <span class='ocrx_word' id='word_1_48' title='bbox 371 854 511 898; x_wconf 89' lang='lat' dir='ltr'>Terra</span> <span class='ocrx_word' id='word_1_49' title='bbox 530 850 669 897; x_wconf 87' lang='lat' dir='ltr'>etiam</span> <span class='ocrx_word' id='word_1_50' title='bbox 696 856 852 897; x_wconf 84' lang='lat' dir='ltr'>sancta</span> <span class='ocrx_word' id='word_1_51' title='bbox 869 850 928 897; x_wconf 89' lang='lat' dir='ltr'>ad</span> <span class='ocrx_word' id='word_1_52' title='bbox 956 866 1096 913; x_wconf 86' lang='lat' dir='ltr'>quam</span> <span class='ocrx_word' id='word_1_53' title='bbox 1122 852 1189 898; x_wconf 90' lang='lat' dir='ltr'>ire</span> <span class='ocrx_word' id='word_1_54' title='bbox 1210 852 1443 900; x_wconf 85' lang='lat' dir='ltr'>debebant</span> <span class='ocrx_word' id='word_1_55' title='bbox 1460 854 1631 918; x_wconf 82' lang='lat' dir='ltr'>guber-</span> 
     </span>
     <span class='ocr_line' id='line_1_9' title="bbox 229 927 1631 994; baseline 0.002 -19"><span class='ocrx_word' id='word_1_56' title='bbox 229 934 444 975; x_wconf 85' lang='lat' dir='ltr'>natorum</span> <span class='ocrx_word' id='word_1_57' title='bbox 479 927 836 991; x_wconf 81' lang='lat' dir='ltr'>peregrinorum</span> <span class='ocrx_word' id='word_1_58' title='bbox 877 927 1063 974; x_wconf 83' lang='lat' dir='ltr'>carebat</span> <span class='ocrx_word' id='word_1_59' title='bbox 1102 928 1208 990; x_wconf 86' lang='lat' dir='ltr'>quia</span> <span class='ocrx_word' id='word_1_60' title='bbox 1252 930 1512 991; x_wconf 86' lang='lat' dir='ltr'>patriarcha</span> <span class='ocrx_word' id='word_1_61' title='bbox 1552 932 1631 994; x_wconf 77' lang='lat' dir='ltr'>qui</span> 
     </span>
     <span class='ocr_line' id='line_1_10' title="bbox 230 1003 1631 1067; baseline 0.003 -17"><span class='ocrx_word' id='word_1_62' title='bbox 230 1005 407 1067; x_wconf 82' lang='lat' dir='ltr'>legatus</span> <span class='ocrx_word' id='word_1_63' title='bbox 430 1004 476 1050; x_wconf 90' lang='lat' dir='ltr'>in</span> <span class='ocrx_word' id='word_1_64' title='bbox 496 1006 635 1050; x_wconf 84' lang='lat' dir='ltr'>Terra</span> <span class='ocrx_word' id='word_1_65' title='bbox 658 1008 814 1050; x_wconf 87' lang='lat' dir='ltr'>sancta</span> <span class='ocrx_word' id='word_1_66' title='bbox 837 1003 935 1057; x_wconf 76' lang='lat' dir='ltr'>suit,</span> <span class='ocrx_word' id='word_1_67' title='bbox 962 1010 1071 1051; x_wconf 87' lang='lat' dir='ltr'>tunc</span> <span class='ocrx_word' id='word_1_68' title='bbox 1091 1004 1335 1052; x_wconf 89' lang='lat' dir='ltr'>defunctus</span> <span class='ocrx_word' id='word_1_69' title='bbox 1356 1013 1472 1063; x_wconf 89' lang='lat' dir='ltr'>erat,</span> <span class='ocrx_word' id='word_1_70' title='bbox 1497 1007 1631 1055; x_wconf 90' lang='lat' dir='ltr'>sedes</span> 
     </span>
     <span class='ocr_line' id='line_1_11' title="bbox 229 1079 1625 1144; baseline 0.003 -17"><span class='ocrx_word' id='word_1_71' title='bbox 229 1080 367 1127; x_wconf 90' lang='lat' dir='ltr'>etiam</span> <span class='ocrx_word' id='word_1_72' title='bbox 398 1079 652 1142; x_wconf 83' lang='lat' dir='ltr'>apostolica</span> <span class='ocrx_word' id='word_1_73' title='bbox 692 1097 782 1142; x_wconf 88' lang='lat' dir='ltr'>que</span> <span class='ocrx_word' id='word_1_74' title='bbox 824 1079 1072 1143; x_wconf 89' lang='lat' dir='ltr'>utrobique</span> <span class='ocrx_word' id='word_1_75' title='bbox 1117 1082 1366 1144; x_wconf 74' lang='lat' dir='ltr'>providere</span> <span class='ocrx_word' id='word_1_76' title='bbox 1408 1083 1625 1140; x_wconf 86' lang='lat' dir='ltr'>debebat,</span> 
     </span>
     <span class='ocr_line' id='line_1_12' title="bbox 230 1157 566 1204; baseline -0.006 0"><span class='ocrx_word' id='word_1_77' title='bbox 230 1163 337 1204; x_wconf 90' lang='lat' dir='ltr'>tunc</span> <span class='ocrx_word' id='word_1_78' title='bbox 357 1157 566 1204; x_wconf 88' lang='lat' dir='ltr'>vacabat.</span> 
     </span>
    </p>
   </div>
   <div class='ocr_carea' id='block_1_3' title="bbox 226 1239 1633 2145">
    <p class='ocr_par' dir='ltr' id='par_1_3' title="bbox 226 1239 1633 2145">
     <span class='ocr_line' id='line_1_13' title="bbox 293 1239 1632 1302; baseline 0.001 -16"><span class='ocrx_word' id='word_1_79' title='bbox 293 1239 339 1286; x_wconf 77' lang='lat' dir='ltr'>d.</span> <span class='ocrx_word' id='word_1_80' title='bbox 369 1267 432 1274; x_wconf 93' lang='lat'>--</span> <span class='ocrx_word' id='word_1_81' title='bbox 459 1243 557 1287; x_wconf 81' lang='lat' dir='ltr'>Rex</span> <span class='ocrx_word' id='word_1_82' title='bbox 587 1244 741 1286; x_wconf 84' lang='lat' dir='ltr'>autem</span> <span class='ocrx_word' id='word_1_83' title='bbox 777 1241 980 1286; x_wconf 87' lang='lat' dir='ltr'>Navarre</span> <span class='ocrx_word' id='word_1_84' title='bbox 1011 1240 1087 1302; x_wconf 88' lang='lat' dir='ltr'>qui</span> <span class='ocrx_word' id='word_1_85' title='bbox 1122 1239 1334 1288; x_wconf 86' lang='lat' dir='ltr'>infirmus</span> <span class='ocrx_word' id='word_1_86' title='bbox 1370 1241 1427 1288; x_wconf 93' lang='lat' dir='ltr'>de</span> <span class='ocrx_word' id='word_1_87' title='bbox 1463 1242 1632 1289; x_wconf 86' lang='lat' dir='ltr'>Affrica</span> 
     </span>
     <span class='ocr_line' id='line_1_14' title="bbox 229 1315 1632 1378; baseline 0.004 -17"><span class='ocrx_word' id='word_1_88' title='bbox 229 1322 537 1378; x_wconf 78' lang='lat' dir='ltr'>processerat,</span> <span class='ocrx_word' id='word_1_89' title='bbox 556 1316 601 1362; x_wconf 88' lang='lat' dir='ltr'>in</span> <span class='ocrx_word' id='word_1_90' title='bbox 617 1315 813 1362; x_wconf 85' lang='lat' dir='ltr'>Siciliam</span> <span class='ocrx_word' id='word_1_91' title='bbox 830 1316 1036 1372; x_wconf 90' lang='lat' dir='ltr'>veniens,</span> <span class='ocrx_word' id='word_1_92' title='bbox 1056 1322 1124 1363; x_wconf 89' lang='lat' dir='ltr'>est</span> <span class='ocrx_word' id='word_1_93' title='bbox 1139 1317 1415 1365; x_wconf 82' lang='lat' dir='ltr'>deffunctus.</span> <span class='ocrx_word' id='word_1_94' title='bbox 1435 1319 1513 1367; x_wconf 85' lang='lat' dir='ltr'>Cui</span> <span class='ocrx_word' id='word_1_95' title='bbox 1530 1336 1632 1366; x_wconf 86' lang='lat' dir='ltr'>suc-</span> 
     </span>
     <span class='ocr_line' id='line_1_15' title="bbox 229 1392 1632 1457; baseline 0.004 -19"><span class='ocrx_word' id='word_1_96' title='bbox 229 1392 367 1439; x_wconf 91' lang='lat' dir='ltr'>cessit</span> <span class='ocrx_word' id='word_1_97' title='bbox 387 1392 485 1455; x_wconf 87' lang='lat' dir='ltr'>ejus</span> <span class='ocrx_word' id='word_1_98' title='bbox 512 1392 654 1439; x_wconf 87' lang='lat' dir='ltr'>frater</span> <span class='ocrx_word' id='word_1_99' title='bbox 681 1392 989 1440; x_wconf 90' lang='lat' dir='ltr'>Theobaldus.</span> <span class='ocrx_word' id='word_1_100' title='bbox 1021 1393 1111 1440; x_wconf 85' lang='lat' dir='ltr'>Sed</span> <span class='ocrx_word' id='word_1_101' title='bbox 1143 1410 1308 1456; x_wconf 85' lang='lat' dir='ltr'>parum</span> <span class='ocrx_word' id='word_1_102' title='bbox 1335 1401 1442 1457; x_wconf 90' lang='lat' dir='ltr'>post</span> <span class='ocrx_word' id='word_1_103' title='bbox 1470 1396 1632 1443; x_wconf 88' lang='lat' dir='ltr'>vivens</span> 
     </span>
     <span class='ocr_line' id='line_1_16' title="bbox 229 1468 1633 1527; baseline 0.003 -12"><span class='ocrx_word' id='word_1_104' title='bbox 229 1468 428 1516; x_wconf 83' lang='lat' dir='ltr'>decessit</span> <span class='ocrx_word' id='word_1_105' title='bbox 448 1468 546 1515; x_wconf 89' lang='lat' dir='ltr'>sine</span> <span class='ocrx_word' id='word_1_106' title='bbox 567 1468 836 1515; x_wconf 85' lang='lat' dir='ltr'>heredibus.</span> <span class='ocrx_word' id='word_1_107' title='bbox 860 1468 937 1516; x_wconf 86' lang='lat' dir='ltr'>Cui</span> <span class='ocrx_word' id='word_1_108' title='bbox 961 1469 1186 1516; x_wconf 89' lang='lat' dir='ltr'>Henricus</span> <span class='ocrx_word' id='word_1_109' title='bbox 1210 1471 1448 1527; x_wconf 88' lang='lat' dir='ltr'>successit,</span> <span class='ocrx_word' id='word_1_110' title='bbox 1472 1472 1633 1519; x_wconf 88' lang='lat' dir='ltr'>ambo-</span> 
     </span>
     <span class='ocr_line' id='line_1_17' title="bbox 229 1544 1632 1608; baseline 0.003 -17"><span class='ocrx_word' id='word_1_111' title='bbox 229 1561 333 1592; x_wconf 89' lang='lat' dir='ltr'>rum</span> <span class='ocrx_word' id='word_1_112' title='bbox 359 1544 546 1592; x_wconf 73' lang='lat' dir='ltr'>frater1.</span> <span class='ocrx_word' id='word_1_113' title='bbox 578 1544 692 1592; x_wconf 89' lang='lat' dir='ltr'>Huic</span> <span class='ocrx_word' id='word_1_114' title='bbox 719 1551 873 1592; x_wconf 89' lang='lat' dir='ltr'>autem</span> <span class='ocrx_word' id='word_1_115' title='bbox 903 1545 1062 1608; x_wconf 87' lang='lat' dir='ltr'>nupsit</span> <span class='ocrx_word' id='word_1_116' title='bbox 1088 1546 1177 1592; x_wconf 82' lang='lat' dir='ltr'>filia</span> <span class='ocrx_word' id='word_1_117' title='bbox 1203 1547 1386 1594; x_wconf 87' lang='lat' dir='ltr'>comitis</span> <span class='ocrx_word' id='word_1_118' title='bbox 1415 1549 1632 1596; x_wconf 87' lang='lat' dir='ltr'>Attreba-</span> 
     </span>
     <span class='ocr_line' id='line_1_18' title="bbox 230 1621 1628 1686; baseline 0.003 -18"><span class='ocrx_word' id='word_1_119' title='bbox 230 1622 371 1669; x_wconf 89' lang='lat' dir='ltr'>tensis</span> <span class='ocrx_word' id='word_1_120' title='bbox 398 1621 607 1678; x_wconf 87' lang='lat' dir='ltr'>Roberti,</span> <span class='ocrx_word' id='word_1_121' title='bbox 637 1621 793 1668; x_wconf 88' lang='lat' dir='ltr'>fratris</span> <span class='ocrx_word' id='word_1_122' title='bbox 820 1622 992 1668; x_wconf 88' lang='lat' dir='ltr'>scilicet</span> <span class='ocrx_word' id='word_1_123' title='bbox 1020 1623 1142 1686; x_wconf 81' lang='lat' dir='ltr'>regis</span> <span class='ocrx_word' id='word_1_124' title='bbox 1176 1624 1364 1671; x_wconf 88' lang='lat' dir='ltr'>Francie</span> <span class='ocrx_word' id='word_1_125' title='bbox 1390 1625 1628 1682; x_wconf 87' lang='lat' dir='ltr'>Ludovici,</span> 
     </span>
     <span class='ocr_line' id='line_1_19' title="bbox 227 1698 1633 1765; baseline 0.004 -21"><span class='ocrx_word' id='word_1_126' title='bbox 227 1698 352 1760; x_wconf 91' lang='lat' dir='ltr'>apud</span> <span class='ocrx_word' id='word_1_127' title='bbox 394 1699 716 1762; x_wconf 81' lang='lat' dir='ltr'>Carthaginem</span> <span class='ocrx_word' id='word_1_128' title='bbox 753 1698 974 1755; x_wconf 82' lang='lat' dir='ltr'>defuncti,</span> <span class='ocrx_word' id='word_1_129' title='bbox 1014 1698 1072 1745; x_wconf 88' lang='lat' dir='ltr'>de</span> <span class='ocrx_word' id='word_1_130' title='bbox 1111 1717 1201 1761; x_wconf 71' lang='lat' dir='ltr'>qua</span> <span class='ocrx_word' id='word_1_131' title='bbox 1246 1701 1385 1747; x_wconf 86' lang='lat' dir='ltr'>filiam</span> <span class='ocrx_word' id='word_1_132' title='bbox 1428 1703 1633 1765; x_wconf 81' lang='lat' dir='ltr'>suscepit</span> 
     </span>
     <span class='ocr_line' id='line_1_20' title="bbox 229 1774 1632 1838; baseline 0.003 -17"><span class='ocrx_word' id='word_1_133' title='bbox 229 1774 415 1821; x_wconf 88' lang='lat' dir='ltr'>nomine</span> <span class='ocrx_word' id='word_1_134' title='bbox 436 1775 691 1823; x_wconf 89' lang='lat' dir='ltr'>Johannam</span> <span class='ocrx_word' id='word_1_135' title='bbox 713 1791 852 1837; x_wconf 84' lang='lat' dir='ltr'>quam</span> <span class='ocrx_word' id='word_1_136' title='bbox 871 1781 1063 1837; x_wconf 83' lang='lat' dir='ltr'>quartus</span> <span class='ocrx_word' id='word_1_137' title='bbox 1081 1776 1319 1838; x_wconf 80' lang='lat' dir='ltr'>Philippus</span> <span class='ocrx_word' id='word_1_138' title='bbox 1340 1793 1423 1824; x_wconf 81' lang='lat' dir='ltr'>rex</span> <span class='ocrx_word' id='word_1_139' title='bbox 1444 1779 1632 1826; x_wconf 89' lang='lat' dir='ltr'>Francie</span> 
     </span>
     <span class='ocr_line' id='line_1_21' title="bbox 228 1850 1632 1918; baseline 0.004 -21"><span class='ocrx_word' id='word_1_140' title='bbox 228 1850 361 1897; x_wconf 83' lang='lat' dir='ltr'>duxit</span> <span class='ocrx_word' id='word_1_141' title='bbox 375 1867 570 1898; x_wconf 85' lang='lat' dir='ltr'>uxorem</span> <span class='ocrx_word' id='word_1_142' title='bbox 585 1869 595 1907; x_wconf 72' lang='grc' dir='ltr'><strong>ς</strong></span> <span class='ocrx_word' id='word_1_143' title='bbox 614 1851 683 1898; x_wconf 89' lang='lat' dir='ltr'>cui</span> <span class='ocrx_word' id='word_1_144' title='bbox 700 1851 924 1907; x_wconf 86' lang='lat' dir='ltr'>Johanne,</span> <span class='ocrx_word' id='word_1_145' title='bbox 941 1857 1046 1913; x_wconf 86' lang='lat' dir='ltr'>post</span> <span class='ocrx_word' id='word_1_146' title='bbox 1062 1852 1209 1914; x_wconf 89' lang='lat' dir='ltr'>patris</span> <span class='ocrx_word' id='word_1_147' title='bbox 1224 1853 1419 1910; x_wconf 88' lang='lat' dir='ltr'>obitum,</span> <span class='ocrx_word' id='word_1_148' title='bbox 1436 1871 1632 1918; x_wconf 81' lang='lat' dir='ltr'>regnum</span> 
     </span>
     <span class='ocr_line' id='line_1_22' title="bbox 226 1927 1628 1992; baseline 0.004 -19"><span class='ocrx_word' id='word_1_149' title='bbox 226 1930 430 1973; x_wconf 90' lang='lat' dir='ltr'>Navarre</span> <span class='ocrx_word' id='word_1_150' title='bbox 455 1927 653 1989; x_wconf 80' lang='lat' dir='ltr'>Brieque</span> <span class='ocrx_word' id='word_1_151' title='bbox 677 1932 722 1973; x_wconf 90' lang='lat' dir='ltr'>et</span> <span class='ocrx_word' id='word_1_152' title='bbox 748 1927 995 1990; x_wconf 85' lang='lat' dir='ltr'>Campanie</span> <span class='ocrx_word' id='word_1_153' title='bbox 1020 1928 1265 1975; x_wconf 86' lang='lat' dir='ltr'>comitatus</span> <span class='ocrx_word' id='word_1_154' title='bbox 1286 1939 1628 1992; x_wconf 79' lang='lat' dir='ltr'>provenerunt3</span> 
     </span>
     <span class='ocr_line' id='line_1_23' title="bbox 227 2005 1633 2068; baseline 0.004 -19"><span class='ocrx_word' id='word_1_155' title='bbox 227 2008 426 2049; x_wconf 87' lang='lat' dir='ltr'>matrem</span> <span class='ocrx_word' id='word_1_156' title='bbox 448 2020 559 2050; x_wconf 84' lang='lat' dir='ltr'>vero</span> <span class='ocrx_word' id='word_1_157' title='bbox 581 2007 680 2065; x_wconf 90' lang='lat' dir='ltr'>ejus</span> <span class='ocrx_word' id='word_1_158' title='bbox 701 2009 808 2067; x_wconf 89' lang='lat' dir='ltr'>post</span> <span class='ocrx_word' id='word_1_159' title='bbox 836 2020 997 2068; x_wconf 82' lang='lat' dir='ltr'>regem</span> <span class='ocrx_word' id='word_1_160' title='bbox 1026 2005 1273 2052; x_wconf 86' lang='lat' dir='ltr'>Henricum</span> <span class='ocrx_word' id='word_1_161' title='bbox 1302 2006 1519 2054; x_wconf 88' lang='lat' dir='ltr'>dominus</span> <span class='ocrx_word' id='word_1_162' title='bbox 1546 2011 1633 2055; x_wconf 82' lang='lat' dir='ltr'>He-</span> 
     </span>
     <span class='ocr_line' id='line_1_24' title="bbox 227 2078 1588 2145; baseline 0.004 -21"><span class='ocrx_word' id='word_1_163' title='bbox 227 2078 446 2133; x_wconf 90' lang='lat' dir='ltr'>mundus,</span> <span class='ocrx_word' id='word_1_164' title='bbox 476 2079 619 2126; x_wconf 87' lang='lat' dir='ltr'>frater</span> <span class='ocrx_word' id='word_1_165' title='bbox 645 2080 769 2143; x_wconf 81' lang='lat' dir='ltr'>regis</span> <span class='ocrx_word' id='word_1_166' title='bbox 797 2080 960 2144; x_wconf 81' lang='lat' dir='ltr'>Anglie</span> <span class='ocrx_word' id='word_1_167' title='bbox 985 2081 1238 2139; x_wconf 89' lang='lat' dir='ltr'>Odouardi‚</span> <span class='ocrx_word' id='word_1_168' title='bbox 1269 2082 1588 2145; x_wconf 86' lang='lat' dir='ltr'>desponsavit.</span> 
     </span>
    </p>
   </div>
   <div class='ocr_carea' id='block_1_4' title="bbox 226 2161 1633 2612">
    <p class='ocr_par' dir='ltr' id='par_1_4' title="bbox 226 2161 1633 2612">
     <span class='ocr_line' id='line_1_25' title="bbox 292 2161 1632 2225; baseline 0.004 -18"><span class='ocrx_word' id='word_1_169' title='bbox 292 2177 331 2207; x_wconf 78' lang='lat' dir='ltr'>e.</span> <span class='ocrx_word' id='word_1_170' title='bbox 361 2189 424 2196; x_wconf 94' lang='lat'>—</span> <span class='ocrx_word' id='word_1_171' title='bbox 452 2161 627 2209; x_wconf 91' lang='lat' dir='ltr'>Eodem</span> <span class='ocrx_word' id='word_1_172' title='bbox 661 2167 893 2225; x_wconf 86' lang='lat' dir='ltr'>tempore,</span> <span class='ocrx_word' id='word_1_173' title='bbox 924 2162 1037 2209; x_wconf 85' lang='lat' dir='ltr'>dum</span> <span class='ocrx_word' id='word_1_174' title='bbox 1068 2170 1384 2212; x_wconf 86' lang='lat' dir='ltr'>reverteretur</span> <span class='ocrx_word' id='word_1_175' title='bbox 1414 2166 1632 2213; x_wconf 86' lang='lat' dir='ltr'>Christia-</span> 
     </span>
     <span class='ocr_line' id='line_1_26' title="bbox 227 2238 1633 2305; baseline 0.005 -22"><span class='ocrx_word' id='word_1_176' title='bbox 227 2253 393 2284; x_wconf 88' lang='lat' dir='ltr'>norum</span> <span class='ocrx_word' id='word_1_177' title='bbox 427 2238 658 2285; x_wconf 80' lang='lat' dir='ltr'>exercitus</span> <span class='ocrx_word' id='word_1_178' title='bbox 684 2239 742 2286; x_wconf 93' lang='lat' dir='ltr'>de</span> <span class='ocrx_word' id='word_1_179' title='bbox 769 2238 1006 2294; x_wconf 88' lang='lat' dir='ltr'>Thunicio‚</span> <span class='ocrx_word' id='word_1_180' title='bbox 1037 2240 1187 2288; x_wconf 87' lang='lat' dir='ltr'>adhuc</span> <span class='ocrx_word' id='word_1_181' title='bbox 1213 2258 1341 2305; x_wconf 81' lang='lat' dir='ltr'>rege,</span> <span class='ocrx_word' id='word_1_182' title='bbox 1373 2243 1562 2305; x_wconf 82' lang='lat' dir='ltr'>prelatis</span> <span class='ocrx_word' id='word_1_183' title='bbox 1587 2250 1633 2290; x_wconf 91' lang='lat' dir='ltr'>et</span> 
     </span>
     <span class='ocr_line' id='line_1_27' title="bbox 228 2312 1632 2378; baseline 0.006 -20"><span class='ocrx_word' id='word_1_184' title='bbox 228 2312 481 2361; x_wconf 88' lang='lat' dir='ltr'>baronibus</span> <span class='ocrx_word' id='word_1_185' title='bbox 500 2315 688 2362; x_wconf 88' lang='lat' dir='ltr'>Francie</span> <span class='ocrx_word' id='word_1_186' title='bbox 709 2315 1015 2363; x_wconf 80' lang='lat' dir='ltr'>existentibus</span> <span class='ocrx_word' id='word_1_187' title='bbox 1036 2317 1160 2378; x_wconf 87' lang='lat' dir='ltr'>apud</span> <span class='ocrx_word' id='word_1_188' title='bbox 1181 2317 1439 2365; x_wconf 89' lang='lat' dir='ltr'>Viterbium</span> <span class='ocrx_word' id='word_1_189' title='bbox 1460 2319 1503 2366; x_wconf 90' lang='lat' dir='ltr'>in</span> <span class='ocrx_word' id='word_1_190' title='bbox 1528 2324 1632 2367; x_wconf 76' lang='lat' dir='ltr'>Yta-</span> 
     </span>
     <span class='ocr_line' id='line_1_28' title="bbox 226 2389 1632 2448; baseline 0.004 -12"><span class='ocrx_word' id='word_1_191' title='bbox 226 2389 301 2446; x_wconf 83' lang='lat' dir='ltr'>lia,</span> <span class='ocrx_word' id='word_1_192' title='bbox 335 2389 551 2439; x_wconf 90' lang='lat' dir='ltr'>dominus</span> <span class='ocrx_word' id='word_1_193' title='bbox 583 2391 731 2440; x_wconf 90' lang='lat' dir='ltr'>Guido</span> <span class='ocrx_word' id='word_1_194' title='bbox 758 2392 815 2438; x_wconf 91' lang='lat' dir='ltr'>de</span> <span class='ocrx_word' id='word_1_195' title='bbox 848 2393 1129 2448; x_wconf 86' lang='lat' dir='ltr'>Monteforti‚</span> <span class='ocrx_word' id='word_1_196' title='bbox 1166 2393 1285 2440; x_wconf 88' lang='lat' dir='ltr'>filius</span> <span class='ocrx_word' id='word_1_197' title='bbox 1317 2395 1500 2442; x_wconf 89' lang='lat' dir='ltr'>comitis</span> <span class='ocrx_word' id='word_1_198' title='bbox 1532 2396 1632 2443; x_wconf 85' lang='lat' dir='ltr'>Lei-</span> 
     </span>
     <span class='ocr_line' id='line_1_29' title="bbox 226 2466 1631 2534; baseline 0.005 -22"><span class='ocrx_word' id='word_1_199' title='bbox 226 2466 425 2514; x_wconf 87' lang='lat' dir='ltr'>chestrie</span> <span class='ocrx_word' id='word_1_200' title='bbox 451 2469 665 2531; x_wconf 81' lang='lat' dir='ltr'>Symonis</span> <span class='ocrx_word' id='word_1_201' title='bbox 694 2469 739 2515; x_wconf 93' lang='lat' dir='ltr'>in</span> <span class='ocrx_word' id='word_1_202' title='bbox 768 2469 888 2515; x_wconf 92' lang='lat' dir='ltr'>bello</span> <span class='ocrx_word' id='word_1_203' title='bbox 915 2469 1154 2533; x_wconf 83' lang='lat' dir='ltr'>anglicano</span> <span class='ocrx_word' id='word_1_204' title='bbox 1188 2472 1436 2534; x_wconf 84' lang='lat' dir='ltr'>perempti,</span> <span class='ocrx_word' id='word_1_205' title='bbox 1468 2473 1631 2519; x_wconf 87' lang='lat' dir='ltr'>llenri-</span> 
     </span>
     <span class='ocr_line' id='line_1_30' title="bbox 226 2543 1630 2612; baseline 0.004 -23"><span class='ocrx_word' id='word_1_206' title='bbox 226 2559 332 2590; x_wconf 92' lang='lat' dir='ltr'>cum</span> <span class='ocrx_word' id='word_1_207' title='bbox 371 2543 546 2591; x_wconf 89' lang='lat' dir='ltr'>dictum</span> <span class='ocrx_word' id='word_1_208' title='bbox 584 2544 641 2591; x_wconf 85' lang='lat' dir='ltr'>de</span> <span class='ocrx_word' id='word_1_209' title='bbox 679 2545 969 2601; x_wconf 87' lang='lat' dir='ltr'>Alcmannia,</span> <span class='ocrx_word' id='word_1_210' title='bbox 1015 2552 1263 2609; x_wconf 80' lang='lat' dir='ltr'>cognatum</span> <span class='ocrx_word' id='word_1_211' title='bbox 1302 2548 1425 2612; x_wconf 82' lang='lat' dir='ltr'>regis</span> <span class='ocrx_word' id='word_1_212' title='bbox 1469 2548 1630 2612; x_wconf 78' lang='lat' dir='ltr'>Anglie</span> 
     </span>
    </p>
   </div>
   <div class='ocr_carea' id='block_1_5' title="bbox 231 2717 1629 2821">
    <p class='ocr_par' dir='ltr' id='par_1_5' title="bbox 231 2717 1629 2821">
     <span class='ocr_line' id='line_1_31' title="bbox 276 2717 1629 2766; baseline 0.004 -15"><span class='ocrx_word' id='word_1_213' title='bbox 276 2718 307 2751; x_wconf 74' lang='lat'>1.</span> <span class='ocrx_word' id='word_1_214' title='bbox 328 2717 434 2753; x_wconf 84' lang='lat' dir='ltr'>Nous</span> <span class='ocrx_word' id='word_1_215' title='bbox 457 2718 613 2754; x_wconf 80' lang='lat' dir='ltr'>n&#39;avons</span> <span class='ocrx_word' id='word_1_216' title='bbox 635 2720 770 2754; x_wconf 72' lang='lat' dir='ltr'>trouve</span> <span class='ocrx_word' id='word_1_217' title='bbox 791 2719 904 2766; x_wconf 82' lang='lat' dir='ltr'>qu’iei</span> <span class='ocrx_word' id='word_1_218' title='bbox 934 2726 1032 2756; x_wconf 81' lang='lat' dir='ltr'>cette</span> <span class='ocrx_word' id='word_1_219' title='bbox 1057 2722 1231 2757; x_wconf 84' lang='lat' dir='ltr'>mention</span> <span class='ocrx_word' id='word_1_220' title='bbox 1255 2722 1344 2758; x_wconf 83' lang='lat' dir='ltr'>d&#39;un</span> <span class='ocrx_word' id='word_1_221' title='bbox 1373 2722 1512 2758; x_wconf 77' lang='lat' dir='ltr'>second</span> <span class='ocrx_word' id='word_1_222' title='bbox 1535 2723 1629 2757; x_wconf 83' lang='lat' dir='ltr'>Thi-</span> 
     </span>
     <span class='ocr_line' id='line_1_32' title="bbox 231 2774 1245 2821; baseline 0.006 -12"><span class='ocrx_word' id='word_1_223' title='bbox 231 2774 326 2810; x_wconf 81' lang='lat' dir='ltr'>baud</span> <span class='ocrx_word' id='word_1_224' title='bbox 350 2776 557 2821; x_wconf 59' lang='lat' dir='ltr'>precedant</span> <span class='ocrx_word' id='word_1_225' title='bbox 579 2777 699 2813; x_wconf 83' lang='lat' dir='ltr'>chri</span> <span class='ocrx_word' id='word_1_226' title='bbox 723 2788 788 2813; x_wconf 83' lang='lat' dir='ltr'>sur</span> <span class='ocrx_word' id='word_1_227' title='bbox 809 2778 841 2812; x_wconf 86' lang='lat' dir='ltr'>le</span> <span class='ocrx_word' id='word_1_228' title='bbox 863 2779 973 2814; x_wconf 74' lang='lat' dir='ltr'>trOne</span> <span class='ocrx_word' id='word_1_229' title='bbox 994 2778 1038 2814; x_wconf 81' lang='lat' dir='ltr'>de</span> <span class='ocrx_word' id='word_1_230' title='bbox 1060 2780 1245 2816; x_wconf 75' lang='lat' dir='ltr'>Navarre.</span> 
     </span>
    </p>
   </div>
  </div>
 </body>
</html>
