2060 3345
402 340 466 375 182
826 338 1010 369 ΟΕΒΑΒΒΙ
1037 338 1092 367 DE
1118 336 1358 368 FRACIIETO.
1680 333 1784 380 [1270

398 423 587 469 miserat
608 419 809 482 navigia¹
838 433 944 463 cum
970 432 1135 479 magna
1156 415 1313 463 militia
1340 415 1542 463 advenit.
1574 419 1638 463 De
1658 416 1787 480 cujus

397 498 597 545 adventu
639 492 904 542 Christianis
945 491 1163 555 gaudium
1208 491 1562 553 sarracenisque
1604 492 1789 539 tristitia

396 571 612 625 accrevit,
648 576 826 615 etcum
862 567 1007 614 multo
1046 567 1203 629 plures
1242 567 1512 614 viderentur
1549 568 1787 614 Sarraceni

394 663 533 710 quam
580 642 845 697 Christiani,
895 642 1152 689 nullatenus
1196 648 1349 688 tamen
1392 641 1624 689 audebant
1666 642 1786 689 bello

393 721 593 787 generali
624 735 729 766 cum
765 718 1032 766 Christianis
1069 718 1306 782 congredi,
1337 718 1417 765 sed
1450 734 1534 781 per
1560 718 1785 780 quasdam

392 797 580 845 astutias
616 795 757 842 multa
789 794 855 840 eis
887 793 1179 840 incommoda
1208 793 1483 840 inferebant.
1518 796 1582 840 De
1619 793 1786 856 quibus

393 889 533 921 unum
552 872 632 918 fuit
657 888 665 917 :
691 876 760 917 est
778 871 898 916 enim
919 870 1046 933 regio
1066 870 1138 915 illa
1158 870 1355 916 multum
1376 869 1588 916 sabulosa
1605 875 1652 915 et
1670 875 1785 916 tem-

391 967 504 1014 pore
539 947 754 996 siccitatis
788 947 1051 1010 pulverosa.
1090 945 1218 994 Unde
1250 946 1489 993 Sarraceni
1527 951 1786 993 statuerunt

389 1042 530 1089 super
557 1040 701 1071 unum
728 1028 935 1069 montem
965 1022 1229 1070 Christianis
1256 1022 1455 1068 vicinum
1487 1022 1617 1084 plura
1646 1021 1785 1068 millia

387 1101 644 1155 hominum,
667 1105 729 1156 et,
752 1115 856 1146 cum
875 1103 1040 1145 ventus
1063 1103 1206 1144 staret
1226 1098 1284 1144 ad
1305 1103 1485 1160 partem
1507 1097 1785 1145 Christiano-

387 1195 508 1233 rum,
528 1177 739 1224 sabulum
758 1180 998 1221 moventes
1018 1175 1260 1237 pulverem
1275 1175 1573 1232 suscitarent3
1592 1175 1669 1237 qui
1683 1174 1786 1237 pul-

387 1256 456 1301 vis
486 1254 676 1300 multam
704 1252 963 1298 molestiam
990 1251 1139 1298 intulit
1166 1251 1448 1298 Christianis.
1477 1250 1566 1297 Sed
1595 1250 1783 1297 tandem

385 1331 576 1393 pulvere
603 1345 687 1392 per
708 1328 910 1391 pluviam
929 1327 1105 1383 sedato,
1130 1327 1391 1383 Christiani,
1416 1327 1586 1389 paratis
1612 1327 1784 1373 machi-

386 1409 455 1455 nis
481 1413 526 1453 et
552 1405 691 1452 variis
720 1404 1059 1460 instrumentis,
1089 1403 1327 1451 Tunicium
1354 1419 1438 1465 per
1463 1419 1591 1449 mare
1621 1408 1665 1449 et
1697 1419 1784 1465 per

385 1491 558 1532 terram
574 1488 618 1529 et
636 1498 720 1544 per
733 1497 901 1543 aquam
916 1497 1188 1544 oppugnare
1202 1479 1527 1527 intendebant2
1546 1479 1608 1543 (b)
1626 1498 1636 1535 ς
1654 1479 1780 1542 quod

384 1561 594 1607 videntes
614 1558 870 1611 Sarraceni,
894 1557 1059 1604 timore
1078 1557 1321 1620 compulsi,
1347 1562 1480 1620 pacta
1501 1572 1607 1603 cum
1627 1556 1781 1604 Chris-

383 1637 518 1684 tianis
550 1635 767 1682 inierunt.
798 1638 921 1681 Inter
946 1634 1030 1681 hec
1062 1633 1278 1680 dicuntur
1304 1633 1443 1680 fuisse
1478 1633 1697 1696 precipua
1730 1638 1781 1680 ut

382 1729 544 1760 omnes
562 1711 801 1760 Christiani
824 1711 869 1757 in
890 1727 1035 1774 regno
1056 1709 1258 1757 Thunicii
1280 1709 1449 1772 captivi
1471 1710 1778 1757 liberarentur

382 1795 427 1836 et
456 1789 600 1851 quod,
630 1786 922 1834 monasteriis
950 1786 1007 1833 ad
1040 1786 1264 1833 honorem
1294 1785 1460 1833 Christi
1486 1786 1532 1832 in
1564 1786 1780 1833 omnibus

382 1865 642 1913 civitatibus
674 1864 802 1927 regni
839 1863 956 1910 illius
990 1862 1288 1918 constructis,
1335 1862 1451 1909 fides
1489 1861 1655 1909 Christi
1695 1878 1780 1924 per

381 1941 698 1988 Predicatores
732 1945 778 1985 et
812 1939 1011 1986 Minores
1046 1944 1091 1984 et
1127 1939 1239 1984 alios
1277 1953 1596 2000 quoscumque
1635 1937 1779 1984 libere

381 2017 717 2081 predicaretur,
737 2021 783 2062 et
796 2015 1003 2061 volentes
1019 2014 1239 2077 baptizari
1254 2014 1396 2060 libere
1412 2013 1774 2077 baptizarentur,

380 2098 423 2138 et
442 2092 603 2139 solutis
618 2091 833 2155 expensis
850 2091 1039 2154 regibus
1054 2107 1169 2153 quas
1182 2090 1243 2137 ibi
1263 2090 1487 2144 fecerunt,
1505 2106 1588 2136 rex
1604 2090 1777 2137 Tunicii

379 2167 478 2231 regi
506 2168 651 2215 Sicilie
678 2167 946 2215 tributarius
972 2168 1249 2214 efficeretur.
1279 2167 1505 2229 Pluraque
1531 2166 1616 2213 alia
1645 2172 1777 2229 pacta

380 2244 564 2292 fuerunt
585 2261 674 2306 que
695 2244 769 2291 hic
789 2260 966 2306 ponere
985 2244 1174 2307 longum
1201 2249 1340 2290 esset.

443 2337 482 2368 c.
515 2348 574 2355 —
595 2322 708 2368 Cum
731 2326 887 2368 autem
908 2337 965 2367 ex
986 2320 1190 2367 adventu
1210 2319 1334 2383 regis
1353 2319 1513 2383 Anglie
1540 2319 1775 2366 Odouardi

378 2397 760 2459 multitudineque
786 2400 817 2443 F
821 2397 1029 2444 risonum
1056 2402 1102 2443 et
1121 2396 1316 2444 aliorum
1346 2396 1700 2459 peregrinorum
1728 2395 1773 2441 in

426 2561 457 2595 1.
482 2560 564 2595 Lat.
590 2560 710 2604 50050,
732 2563 890 2605 naviqio.

423 2618 456 2654 ἱ).
479 2618 744 2665 L'expression
776 2631 790 2652 (ι
820 2630 886 2665 per
910 2630 1014 2655 mare
1042 2624 1078 2654 et
1105 2630 1171 2665 per
1197 2624 1337 2655 terram
1363 2624 1399 2654 et
1425 2629 1491 2665 per
1518 2629 1656 2665 aquam
1687 2631 1702 2652 »
1732 2629 1772 2653 sc

378 2681 554 2712 retrouve
582 2676 684 2712 aussi
718 2676 813 2711 dans
844 2676 880 2712 la
907 2677 1092 2723 premiere
1121 2677 1316 2713 redaction
1344 2677 1389 2713 de
1422 2677 1457 2712 la
1490 2677 1695 2722 Clarom'qm
1726 2676 1771 2711 de

377 2735 594 2771 Guillaume
615 2734 659 2769 de
682 2735 828 2781 Nangis
852 2739 888 2781 (t.
913 2736 943 2780 Ι,
964 2747 999 2782 p.
1023 2736 1117 2780 ²238).
1143 2750 1158 2769 «
1186 2736 1258 2771 Per
1281 2746 1387 2771 mare
1412 2749 1426 2769 »
1456 2747 1477 2771 a
1497 2736 1556 2771 ete
1578 2734 1770 2782 supprime

376 2793 472 2829 dans
492 2794 528 2829 la
549 2793 710 2830 seconde
732 2793 937 2830 redaction.
