2060 3345
297 289 401 336 1356]
523 293 729 326 RICHARDI
759 293 884 325 SCOTI
913 293 1121 325 CIIRONICI
1150 292 1458 325 CONTINUATIO.
1629 288 1694 324 409

296 372 518 420 solvenda
553 378 814 419 statuerunt
848 377 897 418 ut
929 389 1092 419 omnes
1126 372 1212 418 viri
1247 369 1542 419 ecclesiastici
1575 370 1697 417 deci-

297 466 420 496 mam
441 455 486 496 et
506 448 744 496 dimidiam
766 448 1016 504 solverent,
1042 448 1220 496 nobiles
1241 448 1298 496 de
1318 454 1505 496 centum
1519 447 1697 494 libratis

295 526 533 573 traderent
549 526 689 572 libras
709 539 790 581 XV,
812 526 953 572 ceteri
974 541 1161 587 quoque
1180 525 1410 589 regnicole
1431 525 1490 572 de
1510 530 1697 571 centum

295 602 513 665 hospiciis
545 601 869 649 continuarent
903 618 1048 648 unum
1084 607 1316 649 armatum
1349 601 1585 648 hominem
1618 599 1697 663 qui

295 678 353 724 de
374 677 566 724 dimidio
594 682 724 724 scuto
745 676 846 724 auri
866 682 1213 724 contentaretur
1234 694 1319 739 pro
1339 676 1458 724 die1.
1480 679 1537 724 Ut
1558 675 1699 739 igitur

296 753 400 800 sciri
436 759 596 815 posset
628 752 666 799 si
700 752 889 799 collecta
921 758 991 798 tot
1024 752 1135 798 viris
1171 752 1462 816 [sufficeret],
1491 751 1698 815 spacium

296 829 579 876 deliberandi
607 845 753 892 usque
787 834 895 892 post
922 829 1094 875 Pascha
1122 829 1353 891 petierunt
1384 828 1510 891 quod
1542 834 1699 874 tamen

294 905 665 967 impetraverunt
708 905 753 951 in
794 921 980 952 vanum.
1026 908 1141 951 Nam
1184 921 1267 951 rex
1308 906 1567 961 Johannes,
1613 904 1701 951 hiis

294 981 485 1037 auditis,
529 999 614 1045 per
652 981 1055 1044 archiepiscopum
1102 983 1440 1037 Senonensem‚
1483 981 1700 1028 comitem

296 1058 413 1121 Augi
444 1063 489 1104 et
523 1058 741 1104 comitem
769 1057 825 1104 de
852 1058 1192 1120 Tanquarvilla,
1224 1058 1422 1105 Parisius
1449 1057 1702 1104 ordinatio-

296 1151 403 1182 nem
432 1134 574 1181 trium
604 1140 809 1182 statuum
835 1135 1072 1190 anullavit,
1112 1134 1234 1181 unde
1266 1135 1468 1198 populus
1495 1150 1703 1180 commo-

295 1216 392 1267 tus,
435 1227 539 1258 cum
579 1211 914 1273 obloqueretur
955 1217 1117 1258 contra
1161 1211 1290 1267 illos,
1339 1211 1533 1258 audiens
1574 1209 1702 1272 quod

295 1287 529 1334 civitatem
565 1287 759 1352 dignum
799 1288 1031 1335 ducebant
1073 1288 1315 1335 humiliare
1350 1287 1551 1342 viribus,
1594 1293 1704 1334 tunc

296 1363 421 1410 cives
464 1363 619 1410 villam
660 1370 884 1427 ceperunt
931 1364 990 1410 de
1032 1364 1106 1411 die
1149 1371 1193 1411 et
1235 1363 1293 1410 de
1335 1370 1468 1411 nocte
1511 1363 1704 1427 diligen-

296 1438 471 1485 tissime
508 1439 744 1486 custodire
779 1445 824 1486 et
859 1439 917 1486 ad
951 1444 1082 1486 extra
1118 1439 1289 1486 vallare
1330 1438 1705 1502 profundissimis

297 1515 496 1572 fossatis,
527 1516 656 1562 vicos
682 1533 869 1579 quoque
895 1516 1100 1563 cathenis
1127 1516 1377 1562 fortificare
1407 1516 1587 1563 ferreis.

361 1590 473 1637 250.
497 1595 673 1638 —Isto
700 1608 838 1647 anno,
869 1591 914 1637 in
941 1591 1177 1638 Alemanie
1203 1597 1249 1637 et
1276 1590 1574 1655 Lothoringie
1598 1607 1706 1655 par-

296 1667 438 1724 tibus,
468 1684 626 1714 meuse
653 1667 918 1725 novembri,
948 1674 1072 1714 terra
1100 1667 1352 1714 orribiliter
1379 1668 1585 1715 tremuit.

361 1744 445 1791 254
464 1782 472 1791 .
494 1773 555 1780 —
574 1745 806 1792 Robertus
828 1745 885 1792 de
906 1745 1216 1800 Claromonte,
1243 1745 1286 1791 in
1308 1745 1573 1800 Normania,
1596 1761 1705 1791 con-

298 1827 367 1867 tra
407 1826 569 1884 gentes
605 1820 782 1867 domini
819 1820 1017 1884 Philippi
1052 1824 1257 1868 Navarre
1296 1820 1490 1868 feliciter
1527 1838 1706 1885 pugna-

296 1897 362 1942 vit
387 1902 432 1943 et
458 1897 502 1943 in
529 1897 674 1960 prelio
709 1897 927 1944 dominus
960 1897 1222 1945 Gauffridus
1248 1897 1307 1945 de
1332 1898 1569 1945 Haricuria
1599 1914 1705 1946 cum

296 1973 529 2037 pugilibus
554 1974 833 2037 octingentis
857 1974 1037 2021 occisus
1064 1976 1182 2021 est2.

362 2049 473 2098 252.
514 2077 578 2085 -—
612 2053 675 2097 De
725 2067 955 2098 consensu
1001 2051 1248 2098 amborum
1299 2068 1465 2114 regum
1512 2051 1702 2099 Francie

296 2125 470 2173 scilicet
506 2132 553 2174 et
588 2127 775 2191 Anglie,
820 2127 907 2175 sub
947 2144 1030 2191 spe
1069 2127 1195 2191 pacis
1233 2128 1527 2191 reponende,
1571 2128 1703 2175 fedus

296 2201 523 2249 induciale
549 2220 695 2267 usque
719 2203 776 2250 ad
805 2203 923 2251 duos
947 2221 1094 2251 annos
1115 2205 1448 2267 proclamatur,
1478 2222 1571 2268 quo
1598 2222 1704 2269 spa-

297 2278 385 2335 cio,
418 2280 538 2326 ultra
573 2279 860 2327 incursiones
896 2281 1085 2328 hostiles
1121 2298 1236 2344 quas
1269 2285 1583 2330 Navarrenses
1619 2298 1704 2344 per

295 2356 535 2403 Franciam
577 2356 880 2414 exercebant,
923 2357 1125 2404 latrones
1170 2364 1214 2405 et
1258 2359 1490 2422 predones
1531 2359 1704 2421 ubique

295 2432 438 2480 libere
483 2435 834 2498 grassabantur,
881 2434 980 2481 vias
1030 2440 1075 2482 et
1122 2435 1286 2483 itinera
1333 2442 1614 2499 occupantes
1660 2441 1704 2481 et

296 2509 497 2573 dampna
536 2511 800 2574 irrepabilia
842 2511 1019 2574 absque
1055 2512 1317 2559 resistentia
1356 2518 1699 2576 perpetrantes.

361 2588 474 2636 253.
504 2615 567 2623 —-
593 2591 642 2634 In
667 2588 820 2652 vigilia
844 2588 1007 2635 natalis
1025 2589 1224 2646 Domini,
1248 2592 1467 2637 Summus
1494 2588 1703 2635 Pontifex

347 2729 380 2763 1.
406 2728 476 2764 Ms.
499 2730 611 2765 dieta.

346 2787 380 2822 2.
404 2786 460 2822 uf.
487 2787 646 2823 Grandes
668 2788 904 2832 Clzroniques,
931 2792 956 2823 t.
972 2786 1043 2832 VI,
1067 2798 1102 2834 p.
1125 2788 1182 2825 44.
