2060 3345
421 367 464 403 40
796 366 1000 400 RICHARDI
1029 364 1155 396 SCOTI
1184 363 1449 396 GHRONICON.
1714 361 1817 408 [1336

421 452 518 498 chri
546 451 668 514 regis
694 447 906 496 avunculi
933 445 1027 493 sui¹
1057 444 1234 492 eisdem
1258 445 1478 492 auxilium
1505 443 1627 490 ferre
1659 450 1819 491 contra

421 543 580 591 regem
607 525 769 589 Anglie
792 528 1047 578 teneretur,
1071 520 1260 568 tandem
1285 520 1529 568 Massiliam
1549 519 1608 566 ad
1633 520 1819 567 visitan-

421 604 533 651 dum
549 605 767 650 Sanctum
783 598 1069 647 Ludovicum
1085 614 1133 645 se
1147 598 1397 654 transtulit,
1418 603 1468 644 ut
1481 595 1660 643 videret
1674 596 1819 643 eciam

422 680 655 743 navigium
695 677 822 740 quod
866 675 1020 740 parari
1061 674 1255 722 faciebat
1295 691 1382 737 pro
1424 672 1638 737 passagio
1679 675 1819 720 Terre

422 759 600 811 Sancte,
630 754 728 817 qui,
752 771 778 800 a
802 752 1176 807 Massiliensibus,
1207 751 1419 814 quamvis
1445 766 1537 797 non
1557 756 1713 796 essent
1733 748 1819 795 sub

421 831 518 894 ejus
552 829 776 887 dominio,
809 834 1027 892 receptus
1063 834 1131 875 est
1171 844 1276 875 cum
1315 832 1441 874 tanta
1479 825 1739 873 reverentia
1774 832 1820 872 et

422 908 614 963 honore,
635 912 686 953 ut
705 906 752 952 in
778 921 906 952 mare
930 905 1127 952 navibus
1147 904 1370 952 ordinatis
1391 903 1449 950 ad
1472 903 1641 950 bellum
1659 902 1819 949 navale

419 984 464 1030 in
490 982 588 1046 ejus
609 982 841 1046 presentia
863 981 1134 1029 simularent
1159 980 1311 1044 pomis
1336 979 1531 1027 auriacis
1551 996 1601 1026 se
1621 978 1820 1025 invicem

419 1060 763 1123 impugnantes.

484 1139 616 1199 97-9.
643 1164 707 1171 —
735 1139 832 1182 Hoc
855 1151 996 1192 anno,
1019 1141 1089 1182 111³
1106 1134 1179 1181 die
1200 1133 1376 1189 marcii,
1404 1132 1487 1180 fuit
1503 1131 1686 1195 eclipsis
1711 1130 1820 1178 solis

417 1209 648 1278 attingens
659 1212 754 1259 fere
769 1229 916 1275 usque
929 1211 984 1258 ad
1001 1217 1213 1260 centrum
1225 1210 1388 1273 ipsius,
1406 1212 1549 1256 Marte
1564 1214 1610 1255 et
1621 1210 1819 1255 Saturno

418 1288 747 1353 aspicientibus
772 1287 930 1351 ipsum
956 1287 1101 1335 solem
1127 1286 1205 1349 qui
1231 1293 1341 1333 tunc
1363 1284 1644 1349 incipiebant
1670 1290 1820 1331 retro-

417 1365 622 1430 gradari.
651 1364 844 1413 Duravit
866 1370 1021 1411 autem
1047 1380 1133 1427 per
1159 1363 1274 1411 duas
1300 1362 1438 1409 horas
1464 1378 1569 1409 cum
1590 1360 1819 1424 aliquibus

419 1442 626 1489 minutis.

481 1520 560 1564 98.
582 1545 645 1553 -—
667 1517 778 1580 Cap.
801 1514 1067 1564 CLXXVIII
1087 1530 1131 1561 a.
1149 1541 1213 1549 —-
1232 1513 1486 1577 Philippus,
1508 1530 1591 1560 rex
1609 1513 1815 1572 Francie,

415 1592 599 1640 rediens
625 1610 652 1639 a
677 1591 936 1639 visitatione
963 1590 1131 1638 summi
1166 1590 1398 1637 Pontificis
1425 1589 1675 1644 Benedicti,
1705 1590 1820 1636 arri-

415 1670 547 1732 piens
566 1685 650 1732 per
666 1668 983 1733 Burgundiam
995 1667 1083 1714 iter
1096 1683 1250 1723 suum,
1268 1684 1292 1713 a
1308 1667 1424 1714 duee
1442 1666 1576 1714 simul
1594 1673 1639 1713 et
1650 1666 1819 1713 comite

414 1745 679 1810 Burgundie
711 1745 934 1808 recipitur
960 1761 1066 1792 cum
1092 1745 1285 1800 honore,
1316 1744 1393 1806 qui
1421 1743 1701 1791 discordiam
1722 1760 1819 1790 ma-

414 1838 555 1886 gnam
586 1821 827 1869 inveniens
850 1827 1002 1868 ortam
1028 1837 1130 1868 esse
1155 1820 1276 1868 inter
1298 1820 1451 1883 ipsum
1480 1819 1646 1867 ducem
1675 1820 1818 1867 comi-

413 1905 603 1960 temque
623 1903 668 1944 et
693 1897 936 1945 dominum
957 1898 1211 1945 Johannem
1232 1897 1290 1944 de
1309 1896 1479 1945 Chalon
1498 1897 1818 1960 quosdamque

414 1975 592 2022 nobiles
611 1974 879 2038 Burgundie
900 1980 946 2020 et
964 1973 1232 2022 Alemannie
1260 1973 1384 2020 dicto
1404 1973 1594 2020 domino
1620 1973 1677 2020 de
1705 1975 1818 2021 Cha-

414 2052 489 2098 lon
515 2051 789 2098 adherentes
811 2066 952 2112 super
977 2049 1258 2112 quibusdam
1279 2048 1551 2096 redibentiis
1578 2049 1662 2096 sibi
1690 2049 1820 2096 debi—

414 2127 471 2174 tis
498 2132 548 2174 ut
574 2126 810 2174 asserebat
835 2126 880 2172 in
907 2126 1125 2173 comitatu
1156 2125 1424 2189 Burgundie
1451 2126 1651 2172 maxime
1677 2143 1819 2189 super

413 2204 569 2250 villam
595 2209 640 2250 et
667 2209 860 2265 puteum
886 2203 1143 2250 Salinarum
1165 2219 1279 2265 quas
1303 2202 1453 2249 dictus
1473 2202 1569 2249 dux
1589 2209 1635 2249 et
1660 2219 1818 2250 comes

412 2280 579 2344 injuste
598 2279 683 2326 sibi
703 2279 976 2326 subtrahere
994 2279 1247 2335 nitebatur,
1268 2295 1374 2326 cum
1393 2295 1475 2326 rex
1493 2280 1660 2326 comite
1678 2279 1818 2327 duce-

412 2373 502 2420 que
528 2356 874 2403 contradicente
910 2356 1122 2419 nequiret
1156 2372 1330 2419 ponere
1367 2355 1663 2403 concordiam
1698 2356 1817 2403 inter

412 2438 586 2495 partes,
610 2432 734 2479 idem
761 2433 857 2480 dux
878 2439 923 2480 et
950 2449 1106 2480 comes
1127 2433 1171 2480 in
1199 2433 1432 2496 presentia
1451 2433 1574 2497 regis
1601 2449 1659 2480 ex
1684 2439 1816 2496 parte

412 2508 522 2555 dicti
548 2508 724 2555 domini
747 2508 967 2557 ,Iohannis
998 2508 1055 2555 de
1086 2509 1257 2556 Chalon
1283 2508 1463 2570 sibique
1486 2508 1815 2555 adherencium

460 2655 493 2690 1.
519 2667 534 2687 ι(
622 2654 672 2690 Et
693 2654 992 2701 especialement
1022 2654 1155 2702 depuis
1182 2655 1216 2690 le
1248 2661 1369 2702 temps
1398 2655 1443 2691 de
1473 2655 1653 2702 Phelippe
1675 2656 1709 2691 le
1730 2656 1814 2700 Bel,

412 2712 523 2749 oncle
552 2713 602 2749 du
630 2724 698 2760 roy
718 2713 763 2748 de
789 2713 937 2749 France
960 2727 975 2746 »
1003 2714 1174 2757 (Grandes
1207 2715 1443 2759 Chroniques,
1466 2720 1493 2750 t.
1520 2714 1566 2759 V,
1588 2726 1624 2761 p.
1646 2714 1741 2758 364).
1765 2717 1815 2751 Ce

412 2771 539 2865 <gemil-
557 2783 604 2808 ne
631 2782 671 2808 se
697 2777 832 2808 trouve
858 2783 924 2818 pas
952 2771 1047 2808 dans
1076 2773 1110 2809 le
1138 2773 1420 2810 Continuateur
1445 2773 1490 2810 de
1517 2773 1736 2810 Guillaume
1769 2773 1814 2810 de

453 2840 575 2876 angis.
