2060 3345
351 324 415 361 186
778 324 961 356 nummu
988 324 1042 354 DE
1069 322 1306 355 FRACIIETO.
1629 321 1732 368 [1276

870 456 912 501 M
930 455 996 501 CC
1014 456 1206 503 LXXVI.

408 568 454 614 d.
484 592 547 600 --
572 565 706 610 Anno
738 561 918 609 Domini
946 561 997 610 M⁰
1016 561 1091 610 00⁰
1112 562 1290 619 Lxva⁰,
1321 563 1611 610 Innocentius
1643 567 1730 621 V¹¹⁵,

345 642 526 690 natione
552 638 846 702 Burgundus,
878 638 935 684 de
966 638 1192 694 Tarantia,
1221 637 1340 684 sedit
1367 638 1603 685 mensibus
1629 654 1658 688 V
1688 646 1734 686 et

344 717 441 764 dies
466 730 496 762 11
525 721 570 761 et
596 714 792 761 cessavit
824 719 1020 776 papatus
1046 712 1144 759 dies
1169 727 1302 762 XVIII.
1333 713 1413 759 Hic
1441 731 1465 759 a
1496 714 1732 761 Provincia

343 793 482 839 frater
514 790 779 837 Predicator
813 789 1032 845 existens,
1068 789 1232 836 doctor
1262 789 1308 835 in
1342 806 1470 836 sacra
1505 790 1733 853 scriptura

342 869 554 916 efficitur.
586 871 641 915 Et
671 866 776 913 licet
807 867 949 913 multa
974 866 1094 913 bona
1127 866 1277 913 facere
1310 866 1552 928 potuisset,
1582 873 1733 914 morte

341 948 609 1007 preventus,
634 942 769 989 nichil
794 942 994 989 notabile
1024 942 1156 998 fecit3
1183 948 1395 990 mortuus
1422 948 1492 989 est
1518 946 1663 991 Rome
1689 949 1734 990 et

338 1020 384 1066 in
408 1019 700 1067 Lateranensi
723 1018 914 1065 ecclesia
941 1018 1178 1081 sepelitur.

402 1095 579 1143 Eodem
611 1111 749 1150 anno,
774 1094 1004 1142 Adrianus
1029 1097 1118 1150 Vns,
1146 1094 1328 1140 natione
1353 1095 1587 1150 Januensi,
1615 1095 1734 1142 sedit

339 1186 493 1218 mense
515 1186 623 1226 uno,
642 1169 742 1216 dies
765 1183 830 1216 Ix.
855 1172 944 1215 Iste
961 1168 1189 1216 Adrianus
1212 1168 1294 1215 fuit
1316 1185 1462 1231 nepos
1482 1170 1733 1217 Innocentii

339 1248 488 1312 quarti
517 1254 562 1294 et
581 1247 665 1294 ab1
689 1247 791 1310 ipso
811 1246 857 1293 in
877 1245 1156 1293 cardinalem
1174 1246 1317 1293 sancti
1336 1246 1523 1293 Adriani
1544 1263 1734 1309 promo—

340 1331 429 1381 tus,
452 1343 476 1371 a
504 1323 692 1371 domino
712 1323 943 1370 Clemente
964 1327 1129 1385 quarto
1150 1322 1326 1385 legatus
1348 1322 1392 1368 in
1413 1322 1623 1386 Angliam
1645 1340 1732 1386 pro

337 1417 504 1466 guerra
548 1417 638 1463 que
683 1400 804 1447 inter
848 1415 1009 1462 regem
1055 1404 1100 1444 et
1136 1398 1336 1444 barones
1378 1404 1539 1445 exorta
1584 1399 1734 1446 fuerat

338 1477 541 1525 sedanda
570 1477 739 1524 missus
770 1475 871 1522 fuit.
900 1475 982 1521 Hic
1008 1491 1128 1538 papa
1158 1474 1321 1530 factus,
1358 1474 1732 1522 constitutionem

337 1570 476 1617 quam
502 1570 621 1617 papa
647 1552 896 1617 Gregorius
920 1552 965 1598 in
986 1551 1177 1598 consilio
1197 1550 1491 1614 Lugdunensi
1517 1551 1574 1598 de
1599 1552 1733 1599 resti-

337 1630 511 1678 tutione
529 1629 829 1677 cardinalium
848 1645 996 1691 prope
1016 1627 1287 1674 electionem
1305 1627 1480 1674 Summi
1501 1627 1734 1676 Pontificis

336 1706 563 1762 ediderat,
602 1722 871 1769 proponens
900 1721 1002 1752 eam
1032 1704 1165 1751 aliter
1196 1704 1430 1760 ordinare,
1466 1704 1549 1752 sed
1579 1711 1732 1752 morte

336 1788 590 1845 preventus
615 1781 990 1829 constitutionem
1017 1780 1082 1827 sic
1106 1795 1379 1842 suspensam
1402 1779 1606 1841 reliquit.

401 1874 440 1904 e.
463 1884 526 1892 -—
544 1861 659 1904 Item
679 1856 845 1903 eodem
865 1871 985 1901 anno
1006 1855 1237 1902 Johannes
1257 1856 1384 1910 XX2,
1406 1854 1591 1901 natione
1612 1858 1732 1918 Hys-

337 1950 501 1996 panus,
536 1933 655 1980 sedit
686 1932 923 1979 mensibus
948 1946 1047 1988 VIII,
1077 1931 1150 1978 die
1181 1946 1197 1978 1
1229 1937 1275 1977 et
1307 1931 1503 1977 cessavit
1536 1938 1733 1994 papatus

336 2010 573 2058 mensibus
586 2024 651 2065 Vl,
669 2009 857 2056 diebus3
872 2023 954 2057 VII.
974 2008 1055 2055 Hic
1073 2007 1282 2070 pontifex
1298 2008 1546 2064 Johannes,
1570 2010 1732 2054 Petrus

335 2086 610 2141 antedictus,
640 2085 686 2132 in
718 2085 915 2132 diversis
948 2081 1150 2132 scientiis
1184 2084 1405 2138 famosus,
1435 2083 1731 2130 scientiarum

335 2163 500 2210 florem
513 2169 558 2209 et
575 2161 885 2225 pontificalem
912 2160 1182 2225 dignitatem
1208 2176 1392 2207 morum
1419 2159 1620 2221 quadam
1637 2166 1732 2206 sto-

334 2239 509 2286 liditate
524 2238 813 2286 deformabat
834 2238 950 2285 adeo
970 2243 1021 2284 ut
1038 2236 1265 2285 industria
1284 2236 1476 2283 naturali
1498 2252 1584 2298 pro
1598 2242 1732 2298 parte

336 2331 494 2363 carere
525 2315 781 2362 videretur.
815 2318 864 2362 In
897 2314 984 2361 hoc
1019 2319 1174 2360 tamen
1208 2312 1603 2376 quamplurimum
1636 2312 1731 2358 lau-

337 2391 501 2439 dabilis
528 2391 612 2438 fuit
644 2391 787 2453 quod,
818 2407 866 2437 se
898 2396 991 2436 tam
1027 2389 1310 2453 pauperibus
1341 2405 1480 2451 quam
1510 2387 1730 2434 divitibus

337 2483 632 2515 communem
651 2467 891 2521 exhibens,
913 2467 1083 2514 multos
1110 2472 1298 2530 egentes
1325 2464 1530 2512 studium
1557 2464 1730 2510 littera-

338 2560 441 2592 rum
473 2544 820 2606 amplectantes,
850 2542 962 2590 fovit
992 2549 1038 2590 et
1070 2543 1115 2589 in
1147 2541 1381 2589 beneficiis
1410 2540 1730 2588 ecclesiasticis

387 2674 418 2709 1.
441 2673 524 2708 Lat.
548 2672 668 2717 5005c,
692 2674 745 2707 ιἠ.

385 2732 418 2767 ⁶2.
442 2732 524 2768 Lat.
549 2730 653 2776 5039,
674 2731 855 2766 Johannes
876 2731 958 2765 XXI.

388 2791 420 2827 3.
443 2791 526 2826 Lat.
550 2790 672 2835 50050,
694 2790 779 2824 dies.
