2060 3345
234 305 336 351 1360]
458 308 663 340 RICHARDI
693 308 819 340 SCOTI
847 307 1055 341 CHRONIGI
1083 308 1390 341 CONTINUATIO.
1564 305 1630 341 145

229 388 546 453 percipiebant
587 404 745 436 secum
783 404 907 445 esse,
949 395 998 436 ut
1034 389 1238 453 quodam
1276 388 1466 436 notabili
1509 389 1630 436 facto

229 482 364 513 suum
389 481 625 513 recessum
645 464 866 512 redderet
890 464 1162 528 gloriosum,
1186 472 1294 529 post
1310 465 1505 513 biduum
1526 482 1632 511 ver-

228 558 306 589 sus
324 542 564 589 ecclesiam
585 543 749 588 Sancte
766 540 906 588 Marie
928 540 986 588 de
1003 542 1187 605 Campis
1208 542 1266 589 ad
1288 542 1632 590 Carturisenses

228 619 348 665 acies
369 618 605 666 ordinatas
625 616 905 681 aliquamdiu
928 618 1073 664 tenuit
1094 618 1226 680 quasi
1247 618 1443 666 tendens
1463 618 1631 666 ducem

226 699 274 741 et
305 695 587 743 Parisienses
620 694 678 741 ad
711 693 910 758 prelium
937 695 1245 757 provocare1.
1275 697 1398 742 Hae2
1426 699 1633 742 ostenta-

224 771 349 818 tione
371 777 575 835 peracta,
595 787 760 818 versus
782 772 1032 818 Carnotum
1055 771 1224 819 direxit
1244 772 1331 819 iter
1350 789 1485 820 suum
1505 771 1633 835 quod

224 852 379 895 tamen
414 864 508 894 non
543 847 725 911 peregit
760 846 858 893 sine
893 846 1230 910 impedimento
1265 848 1487 905 maximo,
1526 863 1633 895 nam

226 929 323 971 tota
351 923 426 971 die
459 924 670 986 sequenti
704 941 728 970 a
751 926 918 971 Sancto
946 924 1174 971 Maturino
1205 940 1352 986 usque
1379 926 1631 972 Carnotum

223 1005 350 1047 tanta
382 1000 617 1064 ymbrium
654 999 968 1048 habundantia
1002 1000 1166 1047 cecidit
1200 1017 1367 1065 grosso
1404 1000 1630 1065 grandine

223 1076 435 1123 immixta
461 1077 587 1140 quod
613 1076 816 1124 maxima
846 1093 955 1139 pars
981 1077 1205 1134 currium,
1235 1077 1559 1125 vehiculorum
1586 1083 1631 1124 et

223 1153 510 1201 sarcinarum
536 1153 655 1200 ultra
684 1153 823 1200 duci3
851 1170 944 1200 non
970 1153 1122 1217 potuit
1148 1170 1232 1202 nec
1259 1155 1456 1211 moveri,
1485 1153 1627 1210 unde,

223 1230 588 1278 conductoribus
614 1230 671 1277 ab
702 1230 835 1294 aquis
864 1231 1143 1294 pluvialibus
1168 1237 1214 1278 et
1241 1231 1466 1296 grandine
1492 1232 1631 1279 mise-

221 1307 431 1354 rabiliter
457 1307 709 1370 suffocatis‚
741 1307 827 1354 fuit
858 1308 904 1354 in
932 1307 1096 1355 itinere
1122 1308 1281 1355 relicta
1312 1313 1358 1355 et
1385 1307 1449 1355 sic
1474 1307 1631 1354 hostes

222 1384 464 1431 mobilium
490 1384 720 1447 jacturam
746 1385 999 1431 maximam
1025 1391 1132 1432 sunt
1151 1385 1381 1449 perpessi.
1407 1388 1476 1432 Ex
1502 1389 1631 1431 tanta

221 1459 518 1507 multitudine
544 1460 752 1507 nonnulli
780 1459 957 1507 nobiles
983 1465 1029 1507 et
1054 1459 1282 1525 ignobiles
1308 1477 1357 1508 se
1385 1460 1630 1508 credentes

222 1542 402 1584 tantum
428 1536 677 1584 discrimen
712 1537 988 1584 miraculose
1005 1538 1023 1565 ⁴²
1050 1537 1270 1593 evasisse,
1307 1537 1415 1600 quia
1444 1537 1628 1584 beatam

221 1613 411 1660 Mariam
461 1613 798 1660 reclinaverant
841 1613 1010 1660 devote
1027 1651 1037 1670 ‚
1085 1613 1143 1660 ad
1195 1613 1437 1660 ecclesiam
1486 1613 1632 1676 ipsius

222 1689 365 1737 multa
386 1706 579 1737 munera
595 1706 684 1753 que
707 1690 1022 1754 promiserant
1041 1690 1286 1738 miserunt.
1309 1694 1428 1738 Dum
1451 1706 1633 1737 moram

221 1765 284 1813 ibi
306 1766 476 1813 faceret
502 1783 586 1813 rex
612 1766 791 1830 Anglie‚
816 1766 1048 1814 mediante
1069 1766 1236 1814 abbate
1263 1766 1581 1830 Clugniacensi
1608 1784 1632 1813 a

221 1859 342 1907 papa
381 1849 578 1907 propter
615 1842 914 1891 concordiam
948 1860 1114 1908 regum
1152 1843 1319 1900 misso,
1358 1859 1632 1891 concessum

222 1924 293 1966 est
319 1925 370 1967 ut
394 1920 551 1968 Gallici
575 1937 682 1968 cum
707 1920 899 1968 domino
919 1920 1126 1969 Johanne
1153 1920 1211 1967 de
1238 1923 1467 1968 Dormans
1484 1920 1632 1968 electo

221 1996 487 2044 Belvacensi
520 2002 565 2044 et
596 1997 870 2045 cancellario
901 1997 1182 2046 Normannie
1217 2003 1262 2044 et
1293 2013 1399 2044 cum
1432 1996 1633 2044 Henrico

222 2073 339 2120 duce
374 2074 637 2121 Lencastrie
670 2074 848 2138 Anglici
884 2074 1064 2122 nobiles
1101 2080 1148 2122 et
1181 2074 1509 2137 circumspecti
1549 2074 1633 2119 viri

222 2151 347 2214 apud
367 2151 677 2199 Bertiniacum
700 2151 1005 2198 convenirent
1032 2156 1079 2199 et
1104 2152 1267 2200 arbitri
1294 2152 1421 2215 pacis
1447 2167 1630 2214 regum,

223 2228 497 2275 auctoritate
523 2228 699 2276 domini
724 2228 855 2276 ducis
881 2229 1162 2276 Normannie
1189 2229 1295 2292 quia
1322 2245 1406 2275 rex
1440 2244 1635 2291 presens

223 2321 316 2352 non
349 2309 450 2352 erat
481 2322 533 2352 ae
565 2305 793 2369 principis
820 2305 980 2354 Wallie
1015 2306 1435 2370 primogenitorum
1472 2303 1634 2352 ambo-

223 2397 330 2429 rum
350 2398 516 2446 regum
535 2382 806 2429 existerent.
831 2382 933 2439 Qui,
956 2399 1060 2430 cum
1079 2399 1165 2447 per
1184 2382 1497 2431 ebdomadam
1518 2382 1635 2429 inte-

274 2547 307 2582 1.
331 2545 434 2582 Pour
460 2550 561 2583 cette
587 2546 908 2592 demonstration,
937 2546 1020 2582 voir
1045 2547 1207 2584 Grandes
1237 2548 1472 2594 Ghronz'ques,
1504 2553 1530 2583 t.
1569 2547 1632 2594 vl,

226 2616 262 2652 p.
286 2605 367 2650 470,
389 2610 426 2642 et
447 2606 718 2642 Continuateur
737 2607 780 2641 cle
799 2606 1008 2643 Gutclaume
1029 2608 1070 2643 dc
1090 2608 1241 2652 Nanqts,
1268 2612 1293 2643 t.
1318 2607 1369 2654 ΙΙ,
1391 2618 1427 2654 p.
1451 2606 1531 2642 307.

274 2664 309 2699 ⁶2.
333 2663 404 2699 Ms.
430 2666 511 2700 Hoc.

276 2723 308 2759 3.
334 2723 405 2758 Ms.
427 2724 532 2759 dumi.

276 2783 308 2817 4.
335 2782 440 2817 Dans
462 2782 495 2819 le
514 2793 586 2818 ms.
610 2783 643 2819 le
665 2788 744 2819 mot
765 2795 798 2819 se
818 2788 877 2819 est
899 2784 1027 2829 repete
1049 2786 1158 2831 apres
1180 2787 1416 2821 miraculose.

396 2853 407 2883 l
1450 2850 1492 2886 10
