2060 3345
454 335 495 370 3²2
821 338 1022 370 RICHARDI
1051 338 1176 370 SCOTI
1206 338 1468 371 CHRONICON.
1734 336 1837 382 [1333

453 423 646 480 propter
672 416 757 462 hoc
777 416 929 478 ipsum
957 416 1184 463 minorem
1205 416 1261 464 ad
1288 417 1587 464 concordiam
1612 416 1842 465 adducere

451 497 717 555 potuerunt.
732 496 921 548 Iterum,
938 492 1047 539 satis
1064 492 1155 539 cito
1174 500 1297 556 post,
1312 494 1435 556 apud
1450 497 1620 540 Nemus
1635 510 1717 540 rex
1741 494 1846 540 fecit

450 585 612 615 omnes
637 567 883 630 magistros
903 567 949 614 in
975 567 1205 632 theologia
1231 570 1504 633 congregari
1524 586 1631 617 cum
1659 569 1844 616 univer-

448 644 511 691 sis
534 643 721 706 prelatis
755 648 800 689 et
826 643 1070 691 abbatibus
1103 645 1182 707 qui
1212 651 1320 693 tunc
1355 650 1609 708 potuerunt
1646 645 1847 692 Parisius

447 717 658 773 inveniri,
679 724 936 780 vocatoque
962 718 1172 782 predicto
1192 720 1371 767 minore
1392 721 1484 767 duo
1507 721 1551 766 in
1572 720 1735 784 gallico
1758 736 1842 766 rex

449 793 646 856 quesivit
677 811 686 839 :
716 794 940 852 Primum,
976 801 1132 843 utrum
1165 796 1314 844 anime
1342 802 1611 844 sanctorum
1639 814 1697 843 ex
1722 812 1845 843 nunc

448 868 634 914 videant
654 868 818 916 faciem
841 870 945 927 Dei;
970 870 1111 927 aliud,
1140 876 1298 919 utrum
1323 871 1399 918 illa
1418 872 1535 919 visio
1559 888 1700 935 quam
1724 887 1845 918 nunc

446 942 604 990 vident
643 942 825 991 deficiat
864 945 911 991 in
950 944 1023 992 die
1053 945 1227 1009 judicii.
1271 946 1341 994 Ad
1380 946 1585 1009 primum
1627 946 1845 993 dixerunt

446 1035 610 1066 omnes
636 1020 979 1078 affirmativam,
1009 1021 1067 1068 ad
1094 1022 1350 1069 secundum
1377 1022 1549 1086 duplex
1585 1022 1711 1084 quod
1736 1038 1844 1084 per-

446 1094 650 1142 manebit
675 1097 939 1144 eternaliter
964 1103 1012 1144 et
1036 1098 1162 1161 quod
1188 1098 1275 1144 erit
1301 1099 1569 1162 perfectior.
1600 1098 1714 1145 Huic
1739 1114 1845 1145 sen-

443 1172 583 1218 tentie
624 1172 766 1219 frater
814 1173 966 1221 minor
1011 1175 1141 1237 quasi
1187 1180 1372 1222 coactus
1414 1174 1664 1223 consensit.
1712 1174 1845 1221 Petiit

444 1247 644 1310 denique
675 1264 759 1294 rex
790 1247 966 1296 litteras
1002 1248 1102 1295 fieri
1140 1265 1282 1312 super
1312 1249 1430 1297 istis.
1472 1254 1674 1297 Fuerunt
1706 1249 1846 1313 igitur

444 1329 541 1370 tres
557 1323 707 1370 littere
725 1324 938 1371 eamdem
950 1324 1226 1372 sententiam
1242 1325 1530 1372 continentes
1548 1339 1665 1373 XXIX
1685 1324 1845 1389 sigillis

445 1399 776 1463 magistrorum
805 1401 883 1463 qui
917 1406 1027 1448 tunc
1056 1401 1250 1448 aderant
1282 1401 1459 1464 singule
1486 1401 1700 1465 sigillate,
1731 1418 1844 1464 qua-

445 1491 549 1522 rum
582 1493 669 1522 una
696 1493 816 1539 pape
850 1493 876 1522 a
901 1493 1012 1540 rege
1041 1476 1275 1541 dirigitur,
1310 1477 1535 1524 mandans
1564 1477 1605 1524 ei
1631 1477 1758 1539 quod
1785 1476 1844 1524 de

444 1551 621 1598 visione
647 1552 781 1599 beata
812 1553 1137 1617 theologorum
1159 1554 1307 1617 magis
1334 1570 1474 1617 quam
1498 1553 1771 1617 juristarum
1798 1559 1845 1600 et

444 1628 610 1675 merito
650 1629 925 1677 sententiam
964 1630 1280 1694 approbabat,
1328 1636 1374 1677 et
1418 1630 1544 1694 quod
1589 1631 1844 1694 corrigeret

443 1705 726 1753 contrarium
747 1707 1042 1764 sustinentes,
1072 1712 1118 1753 et
1142 1707 1207 1754 sic
1227 1707 1397 1754 faceret
1420 1707 1547 1770 quod
1573 1706 1809 1754 deberet1.

508 1789 630 1849 76-f.
659 1816 723 1823 —
745 1788 951 1835 Roberto
977 1789 1035 1836 de
1055 1792 1201 1846 Brux,
1231 1805 1340 1852 rege
1362 1791 1626 1845 Scotorum,
1651 1794 1843 1835 strenuo

441 1862 584 1910 milite
620 1864 737 1911 sicut
776 1864 1086 1927 prediximuS,
1125 1865 1221 1929 jam
1247 1865 1483 1921 defuncto,
1522 1865 1710 1927 filioque
1744 1864 1842 1928 ejus

443 1939 587 1986 David
608 1940 686 2003 qui
713 1957 925 1988 sororem
950 1941 1075 2005 regis
1104 1941 1266 2005 Anglie
1292 1941 1656 2004 desponsaverat
1686 1957 1844 1988 succe-

444 2016 600 2074 dente,
630 2017 821 2081 contigit
837 2017 1106 2065 Eduardum
1132 2018 1191 2065 de
1207 2017 1405 2065 Baillieul
1428 2017 1586 2064 venire
1605 2016 1664 2064 ad
1684 2032 1843 2081 regem

443 2093 604 2157 Anglie
622 2099 839 2156 tanquam
855 2094 913 2142 ad
928 2094 1219 2158 superiorem
1235 2095 1282 2141 in
1300 2094 1389 2142 isto
1407 2111 1533 2151 casu,
1554 2094 1776 2150 maxime,
1793 2100 1843 2140 ut

444 2169 641 2227 dicebat,
672 2170 829 2218 dicens
869 2170 957 2218 sibi
994 2188 1191 2235 regnum
1226 2171 1377 2219 Scotie
1413 2177 1460 2218 et
1492 2187 1585 2217 non
1610 2170 1670 2218 ad
1694 2169 1840 2218 David

443 2262 641 2308 puerum
667 2246 913 2294 duodecim
946 2264 1176 2296 annorum
1207 2264 1292 2296 nec
1324 2247 1382 2294 ad
1415 2247 1554 2294 alium
1586 2248 1838 2310 pertinere,

444 2338 548 2368 cum
587 2323 685 2386 ipse
722 2323 779 2370 de
813 2324 1122 2388 primogenita
1157 2325 1281 2388 regis
1314 2325 1464 2371 Scotie
1503 2323 1753 2371 Alexandri
1795 2329 1842 2369 et

443 2399 589 2446 David
610 2399 667 2446 de
685 2400 1042 2464 secundogenita
1063 2407 1196 2449 natus
1216 2407 1355 2448 esset.
1380 2400 1509 2448 Unde
1525 2400 1658 2463 petiit
1681 2415 1842 2463 regem

491 2556 523 2591 1.
547 2555 644 2591 C’est
670 2555 704 2591 le
725 2556 767 2591 49
789 2556 990 2593 decembre
1013 2558 1101 2594 1333
1130 2569 1202 2605 que
1226 2558 1400 2604 philippe
1422 2557 1490 2604 VI,
1514 2568 1553 2593 se
1579 2562 1762 2593 trouvant
1793 2568 1841 2593 au

441 2614 523 2651 bois
549 2614 594 2650 de
620 2614 860 2662 Vincennes‚
889 2627 1089 2663 convoqua
1120 2617 1346 2665 vingt-neus
1370 2617 1548 2653 docteurs
1578 2628 1625 2653 en
1650 2616 1840 2663 theologie

442 2684 537 2720 pour
565 2673 733 2710 discuter
758 2674 795 2710 la
820 2675 997 2721 question
1017 2674 1063 2712 de
1083 2676 1119 2711 la
1138 2676 1264 2713 vision
1284 2675 1500 2722 beatifique.
1524 2675 1626 2711 Leur
1656 2680 1840 2711 sentence

443 2732 499 2768 fut
528 2732 670 2769 rendue
701 2732 734 2769 le
758 2733 779 2769 ζ2
804 2732 955 2780 janvier
982 2734 1136 2771 suivant
1161 2734 1327 2778 (Denifle
1357 2740 1394 2770 et
1424 2733 1642 2779 Chatelain,
1671 2734 1836 2769 Clzartul.

448 2792 607 2828 Univers.
631 2794 763 2837 Paris„
788 2797 814 2828 t.
837 2792 889 2839 Π,
909 2804 944 2839 p.
968 2793 1147 2839 429-433).
