<?xml version="1.0" encoding="UTF-8"?>
<!DOCTYPE html PUBLIC "-//W3C//DTD XHTML 1.0 Transitional//EN"
    "http://www.w3.org/TR/xhtml1/DTD/xhtml1-transitional.dtd">
<html xmlns="http://www.w3.org/1999/xhtml" xml:lang="en" lang="en">
 <head>
  <title>
</title>
<meta http-equiv="Content-Type" content="text/html;charset=utf-8" />
  <meta name='ocr-system' content='tesseract 3.04.00' />
  <meta name='ocr-capabilities' content='ocr_page ocr_carea ocr_par ocr_line ocrx_word'/>
</head>
<body>
  <div class='ocr_page' id='page_1' title='image "./chroniquedericha00lescuoft_0180.png"; bbox 0 0 2060 3345; ppageno 0'>
   <div class='ocr_carea' id='block_1_1' title="bbox 350 329 1737 375">
    <p class='ocr_par' dir='ltr' id='par_1_1' title="bbox 350 329 1737 375">
     <span class='ocr_line' id='line_1_1' title="bbox 350 329 1737 375; baseline 0.002 -12"><span class='ocrx_word' id='word_1_1' title='bbox 350 329 412 365; x_wconf 74' lang='lat' dir='ltr'>10ss</span> <span class='ocrx_word' id='word_1_2' title='bbox 580 333 783 364; x_wconf 78' lang='lat' dir='ltr'><strong>RICHARDI</strong></span> <span class='ocrx_word' id='word_1_3' title='bbox 811 332 937 364; x_wconf 88' lang='lat' dir='ltr'>SCOTI</span> <span class='ocrx_word' id='word_1_4' title='bbox 965 331 1172 364; x_wconf 88' lang='lat' dir='ltr'><strong>CHRONICI</strong></span> <span class='ocrx_word' id='word_1_5' title='bbox 1201 331 1507 364; x_wconf 78' lang='lat' dir='ltr'>CONTINUATIO.</span> <span class='ocrx_word' id='word_1_6' title='bbox 1634 329 1737 375; x_wconf 80' lang='grc'>[1356</span> 
     </span>
    </p>
   </div>
   <div class='ocr_carea' id='block_1_2' title="bbox 337 410 1742 2524">
    <p class='ocr_par' dir='ltr' id='par_1_2' title="bbox 337 410 1742 1763">
     <span class='ocr_line' id='line_1_2' title="bbox 344 410 1740 473; baseline 0.001 -16"><span class='ocrx_word' id='word_1_7' title='bbox 344 416 530 457; x_wconf 88' lang='lat' dir='ltr'>centum</span> <span class='ocrx_word' id='word_1_8' title='bbox 559 410 694 457; x_wconf 82' lang='lat' dir='ltr'>focis¹</span> <span class='ocrx_word' id='word_1_9' title='bbox 731 410 964 456; x_wconf 83' lang='lat' dir='ltr'>solverent</span> <span class='ocrx_word' id='word_1_10' title='bbox 1000 425 1146 456; x_wconf 91' lang='lat' dir='ltr'>unum</span> <span class='ocrx_word' id='word_1_11' title='bbox 1180 410 1384 473; x_wconf 83' lang='lat' dir='ltr'>pugilem</span> <span class='ocrx_word' id='word_1_12' title='bbox 1411 415 1659 465; x_wconf 85' lang='lat' dir='ltr'>armatum,</span> <span class='ocrx_word' id='word_1_13' title='bbox 1693 418 1740 458; x_wconf 88' lang='lat' dir='ltr'>et</span> 
     </span>
     <span class='ocr_line' id='line_1_3' title="bbox 343 484 1739 549; baseline 0.001 -16"><span class='ocrx_word' id='word_1_14' title='bbox 343 487 428 533; x_wconf 92' lang='lat' dir='ltr'>hec</span> <span class='ocrx_word' id='word_1_15' title='bbox 463 486 679 533; x_wconf 83' lang='lat' dir='ltr'>dicebant</span> <span class='ocrx_word' id='word_1_16' title='bbox 721 486 933 532; x_wconf 88' lang='lat' dir='ltr'>sufficere</span> <span class='ocrx_word' id='word_1_17' title='bbox 975 484 1033 531; x_wconf 85' lang='lat' dir='ltr'>ad</span> <span class='ocrx_word' id='word_1_18' title='bbox 1076 485 1303 548; x_wconf 88' lang='lat' dir='ltr'>stipendia</span> <span class='ocrx_word' id='word_1_19' title='bbox 1341 485 1528 549; x_wconf 76' lang='lat' dir='ltr'>triginta</span> <span class='ocrx_word' id='word_1_20' title='bbox 1562 487 1739 534; x_wconf 90' lang='lat' dir='ltr'>milium</span> 
     </span>
     <span class='ocr_line' id='line_1_4' title="bbox 342 560 1740 624; baseline 0.001 -16"><span class='ocrx_word' id='word_1_21' title='bbox 342 562 581 609; x_wconf 87' lang='lat' dir='ltr'>hominum</span> <span class='ocrx_word' id='word_1_22' title='bbox 618 561 943 624; x_wconf 88' lang='lat' dir='ltr'>persolvenda.</span> <span class='ocrx_word' id='word_1_23' title='bbox 979 560 1068 608; x_wconf 80' lang='lat' dir='ltr'>Sed</span> <span class='ocrx_word' id='word_1_24' title='bbox 1101 577 1206 608; x_wconf 87' lang='lat' dir='ltr'>eum</span> <span class='ocrx_word' id='word_1_25' title='bbox 1246 562 1388 624; x_wconf 84' lang='lat' dir='ltr'>petita</span> <span class='ocrx_word' id='word_1_26' title='bbox 1423 561 1518 608; x_wconf 85' lang='lat' dir='ltr'>dux</span> <span class='ocrx_word' id='word_1_27' title='bbox 1550 561 1740 609; x_wconf 84' lang='lat' dir='ltr'>dixisset</span> 
     </span>
     <span class='ocr_line' id='line_1_5' title="bbox 341 637 1740 701; baseline 0.001 -18"><span class='ocrx_word' id='word_1_28' title='bbox 341 638 440 684; x_wconf 86' lang='lat' dir='ltr'>sine</span> <span class='ocrx_word' id='word_1_29' title='bbox 479 654 706 684; x_wconf 91' lang='lat' dir='ltr'>consensu</span> <span class='ocrx_word' id='word_1_30' title='bbox 741 637 870 700; x_wconf 81' lang='lat' dir='ltr'>regio</span> <span class='ocrx_word' id='word_1_31' title='bbox 912 653 961 683; x_wconf 91' lang='lat' dir='ltr'>se</span> <span class='ocrx_word' id='word_1_32' title='bbox 997 653 1089 683; x_wconf 89' lang='lat' dir='ltr'>non</span> <span class='ocrx_word' id='word_1_33' title='bbox 1125 653 1263 700; x_wconf 84' lang='lat' dir='ltr'>posse</span> <span class='ocrx_word' id='word_1_34' title='bbox 1302 654 1553 701; x_wconf 83' lang='lat' dir='ltr'>peragere,</span> <span class='ocrx_word' id='word_1_35' title='bbox 1592 639 1740 684; x_wconf 87' lang='lat' dir='ltr'>finan-</span> 
     </span>
     <span class='ocr_line' id='line_1_6' title="bbox 340 713 1740 777; baseline 0 -18"><span class='ocrx_word' id='word_1_36' title='bbox 340 715 550 775; x_wconf 88' lang='lat' dir='ltr'>ciamque</span> <span class='ocrx_word' id='word_1_37' title='bbox 587 719 791 760; x_wconf 85' lang='lat' dir='ltr'>taxatam</span> <span class='ocrx_word' id='word_1_38' title='bbox 828 729 1024 759; x_wconf 91' lang='lat' dir='ltr'>numero</span> <span class='ocrx_word' id='word_1_39' title='bbox 1056 719 1370 777; x_wconf 71' lang='lat' dir='ltr'><strong>pugnatorum</strong></span> <span class='ocrx_word' id='word_1_40' title='bbox 1406 713 1594 760; x_wconf 91' lang='lat' dir='ltr'>minime</span> <span class='ocrx_word' id='word_1_41' title='bbox 1632 713 1740 760; x_wconf 90' lang='lat' dir='ltr'>ade-</span> 
     </span>
     <span class='ocr_line' id='line_1_7' title="bbox 341 788 1740 852; baseline 0 -17"><span class='ocrx_word' id='word_1_42' title='bbox 341 794 546 852; x_wconf 87' lang='lat' dir='ltr'>quatam,</span> <span class='ocrx_word' id='word_1_43' title='bbox 585 788 753 835; x_wconf 87' lang='lat' dir='ltr'>infecto</span> <span class='ocrx_word' id='word_1_44' title='bbox 786 788 991 852; x_wconf 81' lang='lat' dir='ltr'>negotio,</span> <span class='ocrx_word' id='word_1_45' title='bbox 1031 789 1108 850; x_wconf 93' lang='lat' dir='ltr'>qui</span> <span class='ocrx_word' id='word_1_46' title='bbox 1150 790 1326 836; x_wconf 88' lang='lat' dir='ltr'>evocati</span> <span class='ocrx_word' id='word_1_47' title='bbox 1366 789 1547 836; x_wconf 86' lang='lat' dir='ltr'>fuerant</span> <span class='ocrx_word' id='word_1_48' title='bbox 1584 788 1740 836; x_wconf 84' lang='lat' dir='ltr'>audie-</span> 
     </span>
     <span class='ocr_line' id='line_1_8' title="bbox 340 864 1738 928; baseline 0 -18"><span class='ocrx_word' id='word_1_49' title='bbox 340 870 464 919; x_wconf 88' lang='lat' dir='ltr'>runt,</span> <span class='ocrx_word' id='word_1_50' title='bbox 495 870 556 919; x_wconf 88' lang='lat' dir='ltr'>et,</span> <span class='ocrx_word' id='word_1_51' title='bbox 589 864 892 927; x_wconf 69' lang='lat' dir='ltr'>persuasione</span> <span class='ocrx_word' id='word_1_52' title='bbox 925 864 1132 928; x_wconf 81' lang='lat' dir='ltr'>episcopi</span> <span class='ocrx_word' id='word_1_53' title='bbox 1166 865 1498 920; x_wconf 85' lang='lat' dir='ltr'>Laudunensis,</span> <span class='ocrx_word' id='word_1_54' title='bbox 1528 865 1738 928; x_wconf 78' lang='lat' dir='ltr'>magistri</span> 
     </span>
     <span class='ocr_line' id='line_1_9' title="bbox 340 940 1741 1003; baseline -0.001 -14"><span class='ocrx_word' id='word_1_55' title='bbox 340 941 530 989; x_wconf 87' lang='lat' dir='ltr'>Roberti</span> <span class='ocrx_word' id='word_1_56' title='bbox 569 940 704 996; x_wconf 90' lang='lat' dir='ltr'>Galli,</span> <span class='ocrx_word' id='word_1_57' title='bbox 745 941 1067 1003; x_wconf 83' lang='lat' dir='ltr'>compatriotis</span> <span class='ocrx_word' id='word_1_58' title='bbox 1120 942 1215 988; x_wconf 90' lang='lat' dir='ltr'>suis</span> <span class='ocrx_word' id='word_1_59' title='bbox 1262 942 1425 988; x_wconf 87' lang='lat' dir='ltr'>litteris</span> <span class='ocrx_word' id='word_1_60' title='bbox 1469 941 1741 988; x_wconf 76' lang='lat' dir='ltr'>intimarunt</span> 
     </span>
     <span class='ocr_line' id='line_1_10' title="bbox 339 1017 1741 1081; baseline 0 -18"><span class='ocrx_word' id='word_1_61' title='bbox 339 1017 464 1079; x_wconf 88' lang='lat' dir='ltr'>quod</span> <span class='ocrx_word' id='word_1_62' title='bbox 498 1017 617 1072; x_wconf 79' lang='lat' dir='ltr'>dux,</span> <span class='ocrx_word' id='word_1_63' title='bbox 659 1022 818 1079; x_wconf 88' lang='lat' dir='ltr'>spreto</span> <span class='ocrx_word' id='word_1_64' title='bbox 854 1033 1017 1064; x_wconf 88' lang='lat' dir='ltr'>eorum</span> <span class='ocrx_word' id='word_1_65' title='bbox 1056 1017 1324 1081; x_wconf 86' lang='lat' dir='ltr'>[consilio],</span> <span class='ocrx_word' id='word_1_66' title='bbox 1369 1017 1427 1063; x_wconf 83' lang='lat' dir='ltr'>acl</span> <span class='ocrx_word' id='word_1_67' title='bbox 1463 1018 1550 1063; x_wconf 89' lang='lat' dir='ltr'>hoc</span> <span class='ocrx_word' id='word_1_68' title='bbox 1590 1017 1741 1063; x_wconf 91' lang='lat' dir='ltr'>solum</span> 
     </span>
     <span class='ocr_line' id='line_1_11' title="bbox 338 1093 1740 1157; baseline -0.001 -17"><span class='ocrx_word' id='word_1_69' title='bbox 338 1094 578 1140; x_wconf 83' lang='lat' dir='ltr'>laborabat</span> <span class='ocrx_word' id='word_1_70' title='bbox 619 1099 670 1140; x_wconf 91' lang='lat' dir='ltr'>ut</span> <span class='ocrx_word' id='word_1_71' title='bbox 713 1093 839 1141; x_wconf 88' lang='lat' dir='ltr'>solus</span> <span class='ocrx_word' id='word_1_72' title='bbox 882 1099 929 1139; x_wconf 90' lang='lat' dir='ltr'>et</span> <span class='ocrx_word' id='word_1_73' title='bbox 975 1093 1021 1140; x_wconf 90' lang='lat' dir='ltr'>in</span> <span class='ocrx_word' id='word_1_74' title='bbox 1068 1093 1267 1140; x_wconf 90' lang='lat' dir='ltr'>solidum</span> <span class='ocrx_word' id='word_1_75' title='bbox 1310 1109 1507 1157; x_wconf 83' lang='lat' dir='ltr'>regnum</span> <span class='ocrx_word' id='word_1_76' title='bbox 1552 1093 1740 1140; x_wconf 86' lang='lat' dir='ltr'>Francie</span> 
     </span>
     <span class='ocr_line' id='line_1_12' title="bbox 338 1168 1741 1232; baseline 0 -18"><span class='ocrx_word' id='word_1_77' title='bbox 338 1169 634 1231; x_wconf 80' lang='lat' dir='ltr'>gubernaret.</span> <span class='ocrx_word' id='word_1_78' title='bbox 685 1171 753 1215; x_wconf 83' lang='lat' dir='ltr'>Ex</span> <span class='ocrx_word' id='word_1_79' title='bbox 794 1174 905 1215; x_wconf 86' lang='lat' dir='ltr'>tunc</span> <span class='ocrx_word' id='word_1_80' title='bbox 955 1169 1012 1215; x_wconf 89' lang='lat' dir='ltr'>ad</span> <span class='ocrx_word' id='word_1_81' title='bbox 1064 1168 1346 1232; x_wconf 84' lang='lat' dir='ltr'>imponenda</span> <span class='ocrx_word' id='word_1_82' title='bbox 1394 1168 1598 1216; x_wconf 84' lang='lat' dir='ltr'>subsidia</span> <span class='ocrx_word' id='word_1_83' title='bbox 1645 1168 1741 1215; x_wconf 84' lang='lat' dir='ltr'>dux</span> 
     </span>
     <span class='ocr_line' id='line_1_13' title="bbox 339 1244 1740 1308; baseline 0 -17"><span class='ocrx_word' id='word_1_84' title='bbox 339 1244 642 1291; x_wconf 73' lang='lat' dir='ltr'>parisienses‘2</span> <span class='ocrx_word' id='word_1_85' title='bbox 670 1261 761 1291; x_wconf 89' lang='lat' dir='ltr'>non</span> <span class='ocrx_word' id='word_1_86' title='bbox 790 1244 941 1307; x_wconf 88' lang='lat' dir='ltr'>potuit</span> <span class='ocrx_word' id='word_1_87' title='bbox 968 1245 1202 1299; x_wconf 87' lang='lat' dir='ltr'>inclinare,</span> <span class='ocrx_word' id='word_1_88' title='bbox 1233 1245 1318 1291; x_wconf 85' lang='lat' dir='ltr'>nisi</span> <span class='ocrx_word' id='word_1_89' title='bbox 1345 1245 1421 1308; x_wconf 91' lang='lat' dir='ltr'>qui</span> <span class='ocrx_word' id='word_1_90' title='bbox 1451 1251 1740 1291; x_wconf 85' lang='lat' dir='ltr'>recesserant</span> 
     </span>
     <span class='ocr_line' id='line_1_14' title="bbox 338 1321 1742 1384; baseline 0.001 -17"><span class='ocrx_word' id='word_1_91' title='bbox 338 1321 503 1368; x_wconf 86' lang='lat' dir='ltr'>iterum</span> <span class='ocrx_word' id='word_1_92' title='bbox 530 1326 854 1376; x_wconf 78' lang='lat' dir='ltr'>evocarentur,</span> <span class='ocrx_word' id='word_1_93' title='bbox 885 1338 974 1383; x_wconf 88' lang='lat' dir='ltr'>qua</span> <span class='ocrx_word' id='word_1_94' title='bbox 1003 1321 1060 1368; x_wconf 92' lang='lat' dir='ltr'>de</span> <span class='ocrx_word' id='word_1_95' title='bbox 1087 1337 1224 1368; x_wconf 87' lang='lat' dir='ltr'>causa</span> <span class='ocrx_word' id='word_1_96' title='bbox 1254 1322 1483 1384; x_wconf 89' lang='lat' dir='ltr'>quosdam</span> <span class='ocrx_word' id='word_1_97' title='bbox 1515 1338 1601 1384; x_wconf 88' lang='lat' dir='ltr'>per</span> <span class='ocrx_word' id='word_1_98' title='bbox 1629 1321 1742 1368; x_wconf 86' lang='lat' dir='ltr'>bail-</span> 
     </span>
     <span class='ocr_line' id='line_1_15' title="bbox 337 1396 1736 1460; baseline 0.001 -18"><span class='ocrx_word' id='word_1_99' title='bbox 337 1396 466 1442; x_wconf 89' lang='lat' dir='ltr'>livias</span> <span class='ocrx_word' id='word_1_100' title='bbox 493 1396 626 1460; x_wconf 82' lang='lat' dir='ltr'>regni</span> <span class='ocrx_word' id='word_1_101' title='bbox 648 1396 894 1443; x_wconf 88' lang='lat' dir='ltr'>destinavit</span> <span class='ocrx_word' id='word_1_102' title='bbox 913 1396 991 1458; x_wconf 88' lang='lat' dir='ltr'>qui</span> <span class='ocrx_word' id='word_1_103' title='bbox 1013 1396 1070 1442; x_wconf 90' lang='lat' dir='ltr'>ad</span> <span class='ocrx_word' id='word_1_104' title='bbox 1098 1396 1184 1443; x_wconf 89' lang='lat' dir='ltr'>hoc</span> <span class='ocrx_word' id='word_1_105' title='bbox 1202 1397 1427 1459; x_wconf 87' lang='lat' dir='ltr'>populum</span> <span class='ocrx_word' id='word_1_106' title='bbox 1444 1397 1736 1453; x_wconf 86' lang='lat' dir='ltr'>inclinarent,</span> 
     </span>
     <span class='ocr_line' id='line_1_16' title="bbox 339 1472 1740 1534; baseline 0.001 -16"><span class='ocrx_word' id='word_1_107' title='bbox 339 1472 476 1528; x_wconf 90' lang='lat' dir='ltr'>unde,</span> <span class='ocrx_word' id='word_1_108' title='bbox 497 1472 558 1518; x_wconf 89' lang='lat' dir='ltr'>.in</span> <span class='ocrx_word' id='word_1_109' title='bbox 585 1472 846 1534; x_wconf 82' lang='lat' dir='ltr'>Aquitania,</span> <span class='ocrx_word' id='word_1_110' title='bbox 878 1472 1081 1534; x_wconf 90' lang='lat' dir='ltr'>quinque</span> <span class='ocrx_word' id='word_1_111' title='bbox 1108 1472 1232 1519; x_wconf 86' lang='lat' dir='ltr'>milia</span> <span class='ocrx_word' id='word_1_112' title='bbox 1259 1473 1499 1520; x_wconf 87' lang='lat' dir='ltr'>hominum</span> <span class='ocrx_word' id='word_1_113' title='bbox 1537 1479 1740 1519; x_wconf 88' lang='lat' dir='ltr'>armato-</span> 
     </span>
     <span class='ocr_line' id='line_1_17' title="bbox 337 1548 1740 1611; baseline 0.001 -17"><span class='ocrx_word' id='word_1_114' title='bbox 337 1565 458 1603; x_wconf 85' lang='lat' dir='ltr'>rum,</span> <span class='ocrx_word' id='word_1_115' title='bbox 485 1548 606 1595; x_wconf 85' lang='lat' dir='ltr'>mille</span> <span class='ocrx_word' id='word_1_116' title='bbox 634 1549 823 1595; x_wconf 89' lang='lat' dir='ltr'>clientes</span> <span class='ocrx_word' id='word_1_117' title='bbox 849 1554 1054 1595; x_wconf 84' lang='lat' dir='ltr'>armatos</span> <span class='ocrx_word' id='word_1_118' title='bbox 1081 1554 1125 1596; x_wconf 90' lang='lat' dir='ltr'>et</span> <span class='ocrx_word' id='word_1_119' title='bbox 1147 1556 1391 1611; x_wconf 85' lang='lat' dir='ltr'>equestres</span> <span class='ocrx_word' id='word_1_120' title='bbox 1418 1566 1470 1596; x_wconf 87' lang='lat' dir='ltr'>ac</span> <span class='ocrx_word' id='word_1_121' title='bbox 1496 1550 1588 1596; x_wconf 90' lang='lat' dir='ltr'>duo</span> <span class='ocrx_word' id='word_1_122' title='bbox 1615 1549 1740 1596; x_wconf 87' lang='lat' dir='ltr'>milia</span> 
     </span>
     <span class='ocr_line' id='line_1_18' title="bbox 338 1625 1735 1689; baseline 0.001 -18"><span class='ocrx_word' id='word_1_123' title='bbox 338 1625 679 1672; x_wconf 82' lang='lat' dir='ltr'>balistariorum</span> <span class='ocrx_word' id='word_1_124' title='bbox 697 1625 783 1672; x_wconf 89' lang='lat' dir='ltr'>sibi</span> <span class='ocrx_word' id='word_1_125' title='bbox 805 1625 990 1672; x_wconf 88' lang='lat' dir='ltr'>mittere</span> <span class='ocrx_word' id='word_1_126' title='bbox 1010 1625 1346 1688; x_wconf 84' lang='lat' dir='ltr'>promiserunt,</span> <span class='ocrx_word' id='word_1_127' title='bbox 1371 1625 1617 1688; x_wconf 88' lang='lat' dir='ltr'>quosciens</span> <span class='ocrx_word' id='word_1_128' title='bbox 1633 1626 1735 1689; x_wconf 73' lang='lat' dir='ltr'>(sic)</span> 
     </span>
     <span class='ocr_line' id='line_1_19' title="bbox 343 1701 669 1763; baseline -0.003 -15"><span class='ocrx_word' id='word_1_129' title='bbox 343 1701 428 1748; x_wconf 87' lang='lat' dir='ltr'>sibi</span> <span class='ocrx_word' id='word_1_130' title='bbox 450 1701 669 1763; x_wconf 85' lang='lat' dir='ltr'>placeret.</span> 
     </span>
    </p>

    <p class='ocr_par' dir='ltr' id='par_1_3' title="bbox 338 1776 1739 2283">
     <span class='ocr_line' id='line_1_20' title="bbox 403 1776 1739 1841; baseline -0.002 -15"><span class='ocrx_word' id='word_1_131' title='bbox 403 1777 515 1827; x_wconf 69' lang='lat'>246.</span> <span class='ocrx_word' id='word_1_132' title='bbox 546 1804 609 1812; x_wconf 89' lang='lat'>—</span> <span class='ocrx_word' id='word_1_133' title='bbox 635 1776 843 1833; x_wconf 90' lang='lat' dir='ltr'>Interim,</span> <span class='ocrx_word' id='word_1_134' title='bbox 875 1776 987 1824; x_wconf 88' lang='lat' dir='ltr'>dum</span> <span class='ocrx_word' id='word_1_135' title='bbox 1022 1777 1106 1824; x_wconf 91' lang='lat' dir='ltr'>hec</span> <span class='ocrx_word' id='word_1_136' title='bbox 1139 1783 1357 1841; x_wconf 80' lang='lat' dir='ltr'>aguntur,</span> <span class='ocrx_word' id='word_1_137' title='bbox 1387 1776 1511 1824; x_wconf 89' lang='lat' dir='ltr'>idem</span> <span class='ocrx_word' id='word_1_138' title='bbox 1537 1777 1650 1833; x_wconf 85' lang='lat' dir='ltr'>dux,</span> <span class='ocrx_word' id='word_1_139' title='bbox 1680 1776 1739 1824; x_wconf 83' lang='lat' dir='ltr'>de</span> 
     </span>
     <span class='ocr_line' id='line_1_21' title="bbox 338 1852 1739 1915; baseline -0.001 -15"><span class='ocrx_word' id='word_1_140' title='bbox 338 1853 526 1900; x_wconf 91' lang='lat' dir='ltr'>consilio</span> <span class='ocrx_word' id='word_1_141' title='bbox 558 1852 870 1915; x_wconf 90' lang='lat' dir='ltr'>quorumdam</span> <span class='ocrx_word' id='word_1_142' title='bbox 898 1853 977 1915; x_wconf 90' lang='lat' dir='ltr'>qui</span> <span class='ocrx_word' id='word_1_143' title='bbox 1004 1869 1085 1900; x_wconf 88' lang='lat' dir='ltr'>cor</span> <span class='ocrx_word' id='word_1_144' title='bbox 1113 1853 1243 1899; x_wconf 91' lang='lat' dir='ltr'>facile</span> <span class='ocrx_word' id='word_1_145' title='bbox 1277 1852 1609 1915; x_wconf 85' lang='lat' dir='ltr'>sequebantur,</span> <span class='ocrx_word' id='word_1_146' title='bbox 1639 1853 1739 1899; x_wconf 87' lang='lat' dir='ltr'>the-</span> 
     </span>
     <span class='ocr_line' id='line_1_22' title="bbox 338 1929 1739 1992; baseline -0.001 -16"><span class='ocrx_word' id='word_1_147' title='bbox 338 1946 501 1976; x_wconf 80' lang='lat' dir='ltr'>sauros</span> <span class='ocrx_word' id='word_1_148' title='bbox 521 1936 743 1992; x_wconf 88' lang='lat' dir='ltr'>paternos</span> <span class='ocrx_word' id='word_1_149' title='bbox 763 1929 886 1992; x_wconf 91' lang='lat' dir='ltr'>apud</span> <span class='ocrx_word' id='word_1_150' title='bbox 908 1933 1139 1992; x_wconf 89' lang='lat' dir='ltr'>Luperam</span> <span class='ocrx_word' id='word_1_151' title='bbox 1160 1929 1368 1985; x_wconf 85' lang='lat' dir='ltr'>visitans,</span> <span class='ocrx_word' id='word_1_152' title='bbox 1393 1945 1613 1976; x_wconf 88' lang='lat' dir='ltr'>coronam</span> <span class='ocrx_word' id='word_1_153' title='bbox 1634 1945 1739 1991; x_wconf 88' lang='lat' dir='ltr'>spe-</span> 
     </span>
     <span class='ocr_line' id='line_1_23' title="bbox 338 2005 1738 2069; baseline -0.001 -17"><span class='ocrx_word' id='word_1_154' title='bbox 338 2006 640 2053; x_wconf 86' lang='lat' dir='ltr'>ciosissimam</span> <span class='ocrx_word' id='word_1_155' title='bbox 674 2005 887 2052; x_wconf 89' lang='lat' dir='ltr'>fabricari</span> <span class='ocrx_word' id='word_1_156' title='bbox 915 2006 1070 2069; x_wconf 84' lang='lat' dir='ltr'>jussit,</span> <span class='ocrx_word' id='word_1_157' title='bbox 1111 2023 1219 2068; x_wconf 91' lang='lat' dir='ltr'>que,</span> <span class='ocrx_word' id='word_1_158' title='bbox 1252 2022 1358 2053; x_wconf 92' lang='lat' dir='ltr'>cum</span> <span class='ocrx_word' id='word_1_159' title='bbox 1391 2005 1738 2069; x_wconf 79' lang='lat' dir='ltr'>diligentissima</span> 
     </span>
     <span class='ocr_line' id='line_1_24' title="bbox 338 2082 1738 2146; baseline -0.001 -17"><span class='ocrx_word' id='word_1_160' title='bbox 338 2100 423 2146; x_wconf 89' lang='lat' dir='ltr'>per</span> <span class='ocrx_word' id='word_1_161' title='bbox 451 2088 602 2129; x_wconf 87' lang='lat' dir='ltr'>totum</span> <span class='ocrx_word' id='word_1_162' title='bbox 631 2098 828 2145; x_wconf 79' lang='lat' dir='ltr'>regnum</span> <span class='ocrx_word' id='word_1_163' title='bbox 859 2082 1154 2145; x_wconf 87' lang='lat' dir='ltr'>inquisitione</span> <span class='ocrx_word' id='word_1_164' title='bbox 1188 2083 1394 2146; x_wconf 87' lang='lat' dir='ltr'>lapidum</span> <span class='ocrx_word' id='word_1_165' title='bbox 1424 2082 1738 2145; x_wconf 88' lang='lat' dir='ltr'>pretiosorum</span> 
     </span>
     <span class='ocr_line' id='line_1_25' title="bbox 339 2158 1738 2220; baseline -0.001 -14"><span class='ocrx_word' id='word_1_166' title='bbox 339 2159 490 2206; x_wconf 88' lang='lat' dir='ltr'>eidem</span> <span class='ocrx_word' id='word_1_167' title='bbox 510 2158 875 2215; x_wconf 84' lang='lat' dir='ltr'>inserendorum,</span> <span class='ocrx_word' id='word_1_168' title='bbox 900 2158 979 2204; x_wconf 86' lang='lat' dir='ltr'>vix</span> <span class='ocrx_word' id='word_1_169' title='bbox 1001 2158 1045 2204; x_wconf 89' lang='lat' dir='ltr'>in</span> <span class='ocrx_word' id='word_1_170' title='bbox 1067 2158 1229 2205; x_wconf 85' lang='lat' dir='ltr'>decem</span> <span class='ocrx_word' id='word_1_171' title='bbox 1252 2158 1384 2205; x_wconf 88' lang='lat' dir='ltr'>annis</span> <span class='ocrx_word' id='word_1_172' title='bbox 1402 2158 1460 2205; x_wconf 92' lang='lat' dir='ltr'>ad</span> <span class='ocrx_word' id='word_1_173' title='bbox 1480 2158 1738 2220; x_wconf 86' lang='lat' dir='ltr'>perfectum</span> 
     </span>
     <span class='ocr_line' id='line_1_26' title="bbox 339 2235 678 2283; baseline -0.006 0"><span class='ocrx_word' id='word_1_174' title='bbox 339 2235 538 2283; x_wconf 86' lang='lat' dir='ltr'>deducta</span> <span class='ocrx_word' id='word_1_175' title='bbox 563 2236 678 2282; x_wconf 79' lang='lat' dir='ltr'>est3.</span> 
     </span>
    </p>

    <p class='ocr_par' dir='ltr' id='par_1_4' title="bbox 341 2309 1739 2524">
     <span class='ocr_line' id='line_1_27' title="bbox 405 2309 1739 2374; baseline -0.001 -17"><span class='ocrx_word' id='word_1_176' title='bbox 405 2310 515 2357; x_wconf 71' lang='lat'><strong>247.</strong></span> <span class='ocrx_word' id='word_1_177' title='bbox 546 2338 608 2346; x_wconf 89' lang='lat'>—</span> <span class='ocrx_word' id='word_1_178' title='bbox 633 2309 794 2357; x_wconf 90' lang='lat' dir='ltr'>Paucis</span> <span class='ocrx_word' id='word_1_179' title='bbox 820 2309 986 2357; x_wconf 90' lang='lat' dir='ltr'>dehinc</span> <span class='ocrx_word' id='word_1_180' title='bbox 1006 2310 1203 2358; x_wconf 91' lang='lat' dir='ltr'>evolutis</span> <span class='ocrx_word' id='word_1_181' title='bbox 1226 2310 1408 2366; x_wconf 91' lang='lat' dir='ltr'>diebus,</span> <span class='ocrx_word' id='word_1_182' title='bbox 1432 2310 1592 2357; x_wconf 87' lang='lat' dir='ltr'>relicto</span> <span class='ocrx_word' id='word_1_183' title='bbox 1618 2311 1739 2374; x_wconf 81' lang='lat' dir='ltr'>regi-</span> 
     </span>
     <span class='ocr_line' id='line_1_28' title="bbox 341 2384 1737 2450; baseline -0.001 -17"><span class='ocrx_word' id='word_1_184' title='bbox 341 2386 463 2433; x_wconf 90' lang='lat' dir='ltr'>mine</span> <span class='ocrx_word' id='word_1_185' title='bbox 490 2385 621 2449; x_wconf 79' lang='lat' dir='ltr'>regni</span> <span class='ocrx_word' id='word_1_186' title='bbox 647 2385 777 2432; x_wconf 86' lang='lat' dir='ltr'>fratri</span> <span class='ocrx_word' id='word_1_187' title='bbox 802 2384 872 2432; x_wconf 90' lang='lat' dir='ltr'>sui</span> <span class='ocrx_word' id='word_1_188' title='bbox 898 2384 1075 2432; x_wconf 88' lang='lat' dir='ltr'>comitti</span> <span class='ocrx_word' id='word_1_189' title='bbox 1103 2385 1385 2450; x_wconf 82' lang='lat' dir='ltr'>Andegavie,</span> <span class='ocrx_word' id='word_1_190' title='bbox 1407 2385 1657 2441; x_wconf 88' lang='lat' dir='ltr'>Ludovico,</span> <span class='ocrx_word' id='word_1_191' title='bbox 1679 2385 1737 2432; x_wconf 89' lang='lat' dir='ltr'>ad</span> 
     </span>
     <span class='ocr_line' id='line_1_29' title="bbox 341 2459 1737 2524; baseline -0.001 -16"><span class='ocrx_word' id='word_1_192' title='bbox 341 2461 561 2508; x_wconf 86' lang='lat' dir='ltr'>auxilium</span> <span class='ocrx_word' id='word_1_193' title='bbox 594 2476 682 2523; x_wconf 91' lang='lat' dir='ltr'>pro</span> <span class='ocrx_word' id='word_1_194' title='bbox 715 2465 846 2522; x_wconf 90' lang='lat' dir='ltr'>patre</span> <span class='ocrx_word' id='word_1_195' title='bbox 873 2459 1218 2522; x_wconf 90' lang='lat' dir='ltr'>implorandum</span> <span class='ocrx_word' id='word_1_196' title='bbox 1250 2461 1294 2507; x_wconf 90' lang='lat' dir='ltr'>in</span> <span class='ocrx_word' id='word_1_197' title='bbox 1322 2477 1553 2524; x_wconf 86' lang='lat' dir='ltr'>pomposo</span> <span class='ocrx_word' id='word_1_198' title='bbox 1579 2460 1737 2507; x_wconf 90' lang='lat' dir='ltr'>habitu</span> 
     </span>
    </p>
   </div>
   <div class='ocr_carea' id='block_1_3' title="bbox 342 2613 1738 2834">
    <p class='ocr_par' dir='ltr' id='par_1_5' title="bbox 392 2613 643 2657">
     <span class='ocr_line' id='line_1_30' title="bbox 392 2613 643 2657; baseline -0.012 -9"><span class='ocrx_word' id='word_1_199' title='bbox 392 2615 421 2648; x_wconf 83' lang='lat' dir='ltr'>l.</span> <span class='ocrx_word' id='word_1_200' title='bbox 446 2613 516 2647; x_wconf 85' lang='lat' dir='ltr'>Ms.</span> <span class='ocrx_word' id='word_1_201' title='bbox 538 2614 643 2657; x_wconf 75' lang='lat' dir='ltr'>soris.</span> 
     </span>
    </p>

    <p class='ocr_par' dir='ltr' id='par_1_6' title="bbox 388 2670 771 2707">
     <span class='ocr_line' id='line_1_31' title="bbox 388 2670 771 2707; baseline -0.005 -1"><span class='ocrx_word' id='word_1_202' title='bbox 388 2672 421 2707; x_wconf 67' lang='lat'>2.</span> <span class='ocrx_word' id='word_1_203' title='bbox 446 2670 516 2705; x_wconf 80' lang='lat' dir='ltr'>Ms.</span> <span class='ocrx_word' id='word_1_204' title='bbox 540 2671 771 2705; x_wconf 68' lang='lat' dir='ltr'>Parisiensis.</span> 
     </span>
    </p>

    <p class='ocr_par' dir='ltr' id='par_1_7' title="bbox 342 2727 1738 2834">
     <span class='ocr_line' id='line_1_32' title="bbox 389 2727 1738 2775; baseline -0.001 -10"><span class='ocrx_word' id='word_1_205' title='bbox 389 2730 422 2765; x_wconf 90' lang='lat'>3.</span> <span class='ocrx_word' id='word_1_206' title='bbox 445 2729 494 2764; x_wconf 85' lang='lat' dir='ltr'>Ge</span> <span class='ocrx_word' id='word_1_207' title='bbox 514 2727 580 2763; x_wconf 84' lang='lat' dir='ltr'>fait</span> <span class='ocrx_word' id='word_1_208' title='bbox 595 2738 642 2763; x_wconf 88' lang='lat' dir='ltr'>ne</span> <span class='ocrx_word' id='word_1_209' title='bbox 664 2738 703 2763; x_wconf 87' lang='lat' dir='ltr'>se</span> <span class='ocrx_word' id='word_1_210' title='bbox 725 2732 856 2764; x_wconf 79' lang='lat' dir='ltr'>trouve</span> <span class='ocrx_word' id='word_1_211' title='bbox 879 2728 1105 2764; x_wconf 80' lang='lat' dir='ltr'>mentionne</span> <span class='ocrx_word' id='word_1_212' title='bbox 1121 2729 1160 2764; x_wconf 88' lang='lat' dir='ltr'>ni</span> <span class='ocrx_word' id='word_1_213' title='bbox 1174 2740 1242 2775; x_wconf 78' lang='lat' dir='ltr'>par</span> <span class='ocrx_word' id='word_1_214' title='bbox 1258 2729 1311 2765; x_wconf 88' lang='lat' dir='ltr'>les</span> <span class='ocrx_word' id='word_1_215' title='bbox 1334 2729 1494 2765; x_wconf 76' lang='lat' dir='ltr'>Grandes</span> <span class='ocrx_word' id='word_1_216' title='bbox 1516 2729 1738 2774; x_wconf 66' lang='lat' dir='ltr'>Chroniquos</span> 
     </span>
     <span class='ocr_line' id='line_1_33' title="bbox 342 2786 850 2834; baseline -0.002 -12"><span class='ocrx_word' id='word_1_217' title='bbox 342 2788 381 2823; x_wconf 87' lang='lat' dir='ltr'>ni</span> <span class='ocrx_word' id='word_1_218' title='bbox 403 2798 469 2834; x_wconf 80' lang='lat' dir='ltr'>par</span> <span class='ocrx_word' id='word_1_219' title='bbox 488 2787 585 2822; x_wconf 85' lang='lat' dir='ltr'>Jean</span> <span class='ocrx_word' id='word_1_220' title='bbox 605 2786 650 2822; x_wconf 89' lang='lat' dir='ltr'>de</span> <span class='ocrx_word' id='word_1_221' title='bbox 670 2786 850 2822; x_wconf 82' lang='lat' dir='ltr'>Venette.</span> 
     </span>
    </p>
   </div>
  </div>
 </body>
</html>
