2060 3345
363 339 406 374 80
600 340 805 373 RICHARDI
835 338 959 370 SCOT!
988 337 1194 370 CIIRONICI
1224 337 1530 369 CONTINUATIO.
1653 331 1756 379 [1347

360 434 517 466 comes
561 417 619 465 de
660 416 846 472 Rohan‚
893 415 1086 480 insignis
1130 415 1244 463 baro
1288 415 1504 463 dominus
1548 414 1607 462 de
1646 417 1758 462 Der-

360 495 457 551 val,
505 493 721 541 dominus
766 493 824 539 de
867 491 1054 550 Quintin
1098 497 1144 539 et
1188 492 1454 540 Guillelmus
1494 490 1592 555 ejus
1638 491 1759 538 filius

357 570 495 617 occisi
531 575 653 626 sunt,
690 569 832 615 frater
862 585 1048 632 quoque
1082 568 1250 632 prefati
1282 567 1507 616 Guillelmi
1543 567 1628 614 suit
1661 568 1759 614 nasi

358 646 618 694 obscicione
660 644 951 692 deturbatus.
992 644 1060 692 Ibi
1097 645 1237 692 etiam
1279 644 1456 692 domini
1498 643 1556 691 de
1601 646 1759 692 Casto-

357 722 553 778 briente,
583 720 641 768 de
666 724 810 784 Rege,
839 720 897 768 de
921 721 1245 777 Tournemine,
1282 718 1528 767 Gaufridus
1560 718 1618 766 de
1644 721 1760 766 Ros-

357 797 559 852 drenen,
600 796 816 843 dominus
855 796 1053 843 Thomas
1090 795 1413 852 Beauboissel‚
1452 793 1668 841 dominus
1700 793 1759 841 de

354 873 478 923 Valle
526 872 749 921 Guidonis
797 872 1055 936 perierunt.
1103 876 1293 920 Peracta
1341 875 1496 919 autem
1543 870 1755 927 victoria,

354 1002 439 1048 plus
460 1001 865 1038 vraisemblablement
885 1001 930 1037 de
952 1001 1004 1037 lui
1022 1000 1113 1048 qu’il
1135 1000 1245 1048 s'agit
1266 1000 1329 1037 ici.
1345 990 1524 1036 E'douard
1537 999 1594 1035 III
1615 999 1758 1035 recom-

352 1071 472 1108 pensa
499 1060 725 1107 dignement
745 1060 780 1096 le
802 1060 950 1097 service
977 1071 1051 1107 que
1073 1060 1110 1096 la
1129 1059 1289 1096 victoire
1311 1059 1356 1096 de
1378 1059 1414 1094 la
1436 1058 1759 1095 Roche-Derrien

356 1119 505 1155 rendait
525 1119 547 1154 a
567 1130 608 1155 sa
629 1130 758 1155 cause.
781 1119 901 1155 Outre
917 1119 971 1155 les
985 1118 1092 1166 4‚900
1115 1119 1140 1154 l.
1157 1123 1204 1154 st.
1226 1118 1397 1154 donnees
1417 1118 1438 1153 a
1459 1123 1558 1154 cette
1578 1117 1759 1153 occasion

353 1178 376 1214 a
395 1179 564 1214 Thomas
585 1177 630 1214 de
651 1177 877 1225 Dagworth,
899 1188 949 1213 on
976 1181 1124 1224 trouve,
1152 1177 1247 1212 dans
1274 1177 1330 1212 les
1357 1181 1527 1223 comptes
1548 1175 1593 1211 de
1615 1165 1759 1212 1⁷Echi-

354 1237 477 1284 quier,
499 1236 521 1272 a
542 1236 578 1272 la
601 1236 688 1272 date
717 1236 767 1272 du
787 1237 807 1273 6
829 1236 1037 1273 novembre
1059 1236 1164 1281 1348,
1186 1240 1290 1271 trace
1319 1235 1410 1270 d'un
1437 1235 1513 1271 don
1543 1235 1759 1282 egalement

354 1295 563 1342 important
584 1294 686 1330 faita
701 1306 754 1330 un
775 1295 917 1342 ecuyer
937 1294 982 1330 de
1004 1294 1167 1330 Flandre
1186 1294 1251 1341 qui
1272 1294 1396 1330 aurait
1415 1294 1493 1340 pris
1514 1294 1548 1330 le
1569 1299 1695 1330 comte
1714 1292 1760 1328 de

353 1354 488 1390 Blois:
515 1367 531 1387 «
554 1353 724 1389 Kolkino
750 1353 795 1388 de
824 1353 995 1400 Lovayn,
1025 1352 1221 1398 scutifero,
1249 1352 1290 1387 in
1319 1351 1488 1388 denariis
1519 1351 1591 1386 sibi
1623 1351 1758 1386 libera-

352 1413 401 1449 tis
415 1412 461 1448 de
476 1412 574 1448 dono
591 1412 722 1459 Regis,
738 1417 819 1448 tam
839 1422 906 1458 pro
926 1411 1027 1448 bono
1049 1410 1211 1448 servicio
1232 1422 1298 1457 per
1318 1411 1443 1457 ipsum
1466 1410 1588 1445 eidem
1603 1409 1758 1445 domino

353 1471 451 1518 Regi
480 1471 653 1518 impenso
686 1482 802 1517 quam
829 1481 899 1516 pro
928 1472 1092 1516 captione
1122 1471 1251 1505 Karoli
1278 1471 1319 1504 de
1346 1471 1463 1514 Bloys,
1492 1478 1606 1515 quem
1636 1477 1760 1514 nuper

350 1531 448 1576 cepit
468 1529 513 1566 de
534 1541 674 1577 guerra
698 1530 739 1565 in
760 1529 940 1576 obsequio
961 1528 1109 1565 domini
1131 1528 1247 1575 Regis
1268 1528 1309 1564 in
1328 1527 1503 1574 partibus
1524 1526 1756 1574 Brytannie,

350 1600 485 1624 MCLXVI
506 1590 531 1625 l.
553 1600 618 1624 x111
641 1587 788 1624 s.1111d.
810 1601 824 1622 »
844 1589 951 1633 (Rec.
974 1588 1055 1634 off„
1074 1589 1173 1623 Jssue
1192 1589 1298 1628 Roas,
1324 1587 1367 1623 23
1388 1588 1490 1622 Eclw.
1511 1588 1567 1622 III
1586 1587 1758 1621 Michael-

351 1658 442 1689 ωας,
460 1658 512 1682 m.
531 1648 600 1693 11).
617 1667 663 1673 -
678 1647 741 1683 Un
762 1651 872 1682 autre
892 1647 1089 1693 paiement
1109 1645 1164 1681 lui
1186 1645 1241 1681 fut
1262 1645 1330 1681 fait
1349 1645 1385 1681 le
1399 1646 1418 1681 7
1436 1644 1650 1691 septembre
1667 1644 1755 1680 1351

352 1717 448 1753 pour
468 1706 501 1741 le
521 1706 648 1742 meme
668 1705 770 1752 objet
794 1718 800 1740 :
828 1718 842 1739 <t
865 1705 1054 1741 Nieholao
1076 1705 1249 1751 Loveyn,
1270 1703 1400 1750 militi,
1422 1703 1462 1739 in
1482 1708 1632 1750 partem
1653 1703 1759 1738 solu-

351 1765 484 1810 tionis,
496 1776 610 1801 Mvai
623 1765 646 1799 l.
661 1776 726 1800 xm
742 1775 771 1800 s.
786 1775 838 1799 1111
852 1764 887 1799 d.
898 1792 907 1809 ,
919 1763 1019 1799 infra
1033 1764 1239 1810 quamdam
1257 1773 1448 1798 summam
1461 1762 1505 1797 de
1520 1769 1589 1797 mm
1600 1774 1620 1797 L
1631 1772 1757 1797 maroz

353 1835 448 1871 quas
477 1823 656 1860 dominus
683 1823 768 1859 Rex
796 1822 831 1858 ei
860 1822 1051 1859 concessit
1081 1833 1149 1869 pro
1182 1822 1358 1868 captione
1390 1820 1525 1857 Karoli
1550 1820 1598 1856 de
1623 1820 1757 1866 Bloys,

352 1893 438 1918 wa
459 1883 483 1918 l.
506 1893 570 1918 xm
591 1894 621 1918 s.
645 1892 697 1917 1111
715 1880 750 1916 d.
771 1894 787 1913 »
812 1881 920 1925 (Rec.
942 1880 1021 1925 off,
1043 1882 1151 1921 Jbz‘d„
1175 1880 1219 1916 ‘25
1234 1881 1333 1915 Edu).
1351 1881 1419 1920 III,
1446 1880 1583 1918 Easter,
1608 1890 1660 1914 m.
1683 1879 1756 1923 27).

352 1960 398 1967 -
418 1941 470 1976 Le
493 1941 533 1976 17
557 1939 633 1975 mai
654 1939 700 1975 de
722 1939 759 1975 la
779 1939 906 1974 meme
927 1939 1067 1983 annee,
1088 1949 1186 1974 nous
1207 1942 1393 1974 trouvons
1414 1938 1450 1972 la
1470 1936 1643 1973 mention
1669 1935 1759 1971 d‘un

353 2004 462 2034 autre
483 1997 722 2034 combattant
743 1995 789 2033 de
810 1996 846 2032 13
866 1995 1205 2041 Roche-Derrien,
1227 1995 1292 2042 qui
1314 1994 1459 2030 semble
1478 1995 1611 2032 devoir
1629 1999 1759 2040 parta-

353 2067 419 2104 ger
444 2067 537 2093 ave-c
558 2057 591 2093 le
612 2055 819 2102 precedent
847 2055 1053 2091 l'honneur
1080 2053 1225 2090 d'avoir
1252 2053 1454 2090 contribue
1474 2053 1497 2088 a
1518 2053 1555 2089 la
1584 2053 1684 2100 prise
1713 2052 1759 2088 de

352 2114 508 2151 Charles
528 2114 574 2151 de
594 2114 724 2150 Blois:
746 2128 761 2147 «
776 2113 949 2150 ‚Iohanni
969 2113 1015 2149 de
1035 2112 1303 2160 Isplyngrode,
1318 2112 1359 2148 in
1381 2111 1553 2148 denariis
1575 2111 1647 2147 sibi
1668 2111 1759 2147 libe-

354 2170 447 2210 ratis
471 2174 513 2210 in
539 2178 687 2220 partem
718 2172 921 2210 solutionis
948 2184 973 2208 M
1000 2172 1024 2207 l.
1054 2183 1148 2219 quas
1177 2171 1359 2208 dominus
1390 2171 1475 2208 Rex
1502 2170 1573 2207 sibi
1605 2170 1759 2207 liberari

353 2231 553 2268 mandavit
578 2231 624 2268 de
653 2231 753 2267 dono
783 2242 851 2267 suo
879 2242 946 2278 pro
976 2231 1124 2267 efficaci
1155 2231 1285 2267 labore
1313 2242 1428 2278 quem
1455 2230 1581 2266 dictus
1608 2230 1758 2266 Johan-

354 2302 423 2327 nes
452 2301 574 2337 nuper
603 2290 707 2327 circa
733 2290 949 2337 captionem
976 2290 1109 2326 Karoli
1138 2289 1184 2325 de
1210 2289 1317 2325 Blois
1347 2288 1555 2325 adversarii
1576 2288 1694 2335 Regis
1719 2288 1759 2323 in

354 2350 527 2397 partibus
556 2349 770 2396 Brytannie
800 2348 1043 2385 laudabiliter
1071 2348 1262 2395 apposuit,
1288 2359 1307 2384 c
1334 2348 1358 2383 l.
1385 2361 1400 2382 »
1425 2349 1543 2393 ubist„
1568 2358 1619 2382 m.
1644 2347 1691 2393 6).
1713 2365 1760 2372 —

354 2408 484 2454 Enfin,
500 2418 553 2442 un
575 2412 683 2443 autre
704 2406 792 2451 don,
809 2417 882 2454 que
904 2418 1000 2443 nous
1020 2412 1207 2444 trouvons
1227 2407 1323 2442 dans
1343 2407 1399 2442 les
1420 2407 1566 2442 memes
1588 2410 1759 2451 comptes

354 2466 377 2502 a
406 2467 442 2502 la
468 2465 555 2502 date
587 2465 637 2500 du
665 2465 709 2501 28
737 2464 890 2501 octobre
921 2466 1026 2510 1350,
1057 2470 1114 2501 est
1143 2465 1292 2501 destine
1324 2464 1347 2500 a
1376 2464 1476 2500 celui
1505 2464 1571 2511 qui
1599 2470 1709 2510 porta
1737 2464 1759 2499 3

354 2519 531 2561 Edouard
550 2523 608 2560 ΙΙΙ
628 2523 846 2560 l'heureuse
866 2524 1044 2560 nouvelle
1068 2536 1075 2558 :
1102 2537 1118 2557 «
1140 2523 1312 2559 Johanni
1332 2522 1377 2559 de
1398 2523 1532 2569 Merle,
1555 2522 1615 2559 cui
1635 2522 1759 2559 domi-

355 2595 429 2621 nus
451 2584 535 2620 Rex
555 2595 578 2619 x
599 2584 622 2618 1.
646 2582 851 2618 annuatim
879 2582 1073 2618 concessit
1099 2581 1366 2629 percipiendas
1385 2592 1451 2628 pro
1472 2581 1572 2617 bono
1595 2581 1757 2617 servicio

356 2654 424 2690 per
443 2643 569 2690 ipsum
589 2641 713 2678 eidem
733 2641 886 2677 domino
908 2641 1007 2688 Regi
1027 2641 1202 2687 impenso
1222 2651 1375 2677 necnon
1393 2651 1460 2686 pro
1481 2639 1584 2677 felici
1606 2650 1758 2676 rumore

358 2713 472 2749 quem
497 2700 598 2737 idem
617 2700 641 2736 J
645 2700 818 2736 ohannes
845 2699 972 2736 attulit
1001 2699 1156 2736 domino
1177 2699 1275 2746 Regi
1295 2698 1340 2735 de
1362 2698 1538 2745 captione
1560 2697 1692 2734 Karoli
1713 2697 1758 2733 de

362 2761 495 2807 Bloys,
522 2771 589 2807 per
619 2759 732 2794 breve
763 2769 922 2795 currens
956 2769 1057 2795 anno
1086 2766 1181 2804 xxl0,
1210 2758 1277 2794 xl.
1304 2771 1318 2791 υ
1350 2759 1477 2802 (Ihm,
1507 2758 1551 2794 25
1577 2759 1676 2793 Edw.
1708 2759 1762 2795 III

363 2820 609 2864 Michaelmas,
631 2828 683 2853 m.
707 2818 754 2866 7).
