2060 3345
242 321 345 366 1355]
473 324 679 357 RICHARDI
707 324 833 356 SCOTI
862 324 1069 356 CHRONICI
1097 323 1404 356 CONTINUATIO.
1598 317 1641 353 99

305 404 417 451 240.
460 432 524 439 -
563 404 625 450 De
655 405 849 466 justicia
887 420 1019 466 quemn
1057 405 1264 450 emarcuit
1300 418 1383 449 rem
1418 401 1644 448 Johamzes

240 481 358 543 apud
390 480 727 542 Rothomaqum.
757 507 821 513 —
846 479 1060 534 Karolus‚
1090 479 1214 543 regis
1246 478 1433 525 Francie
1470 477 1645 540 primo-

239 557 440 620 genitus,
464 556 640 606 Vienne
667 555 884 610 dalfinus,
913 555 1008 602 dux
1034 556 1281 602 Normanie
1308 573 1332 602 a
1353 560 1485 618 patre
1511 570 1646 601 cons-

239 633 403 680 titutus
439 638 532 688 est,
574 632 652 694 qui
691 632 803 678 dum
846 631 1019 678 ibidem
1057 648 1133 678 res
1169 631 1363 679 ducatus
1400 631 1446 677 in
1482 630 1646 677 melius

238 710 535 765 reformaret,
570 725 655 755 rex
680 711 903 762 Navarre,
933 707 1182 764 Johannes‚
1216 725 1423 755 commes
1455 707 1646 754 Haricu-

238 787 323 842 rie,
354 786 570 833 dominus
602 784 661 831 de
686 784 909 839 Pratcllis‚
941 783 1117 831 domini
1150 785 1411 832 Ludovicus
1445 792 1489 832 et
1524 784 1647 831 Guil-

238 861 403 909 lelmus
435 861 492 908 de
522 860 778 916 Haricuria‚
807 860 975 907 fratres
1004 860 1172 924 prefati
1199 861 1399 917 comitis,
1430 861 1647 908 dominus

238 938 427 1000 Friquet
453 937 511 984 (16
537 937 776 998 Friquant‚
806 936 1024 983 dominus
1050 936 1108 983 de
1135 937 1400 992 Tournebu‚
1431 937 1647 984 dominus

236 1013 430 1061 Maubue
480 1013 539 1060 de
583 1013 864 1060 Mainemans
881 1013 916 1066 1,
968 1012 1186 1060 dominus
1234 1013 1292 1060 de
1341 1013 1643 1069 Grandivilla,

238 1091 470 1139 Colinetus
495 1090 706 1137 Doubleti
733 1096 778 1136 et
799 1090 1032 1137 Johannes
1059 1089 1117 1136 (16
1144 1089 1383 1146 Bantalu2,
1406 1089 1644 1153 armigeri,

238 1168 625 1230 conspiraverunt
651 1173 812 1214 contra
839 1166 993 1229 ipsum
1020 1183 1123 1213 sese
1146 1166 1450 1230 jurejurando
1477 1166 1535 1214 ad
1561 1167 1649 1214 hoc

238 1244 579 1308 adstringentes
629 1243 949 1290 infidelitatem
1000 1244 1120 1306 (sic)
1169 1250 1441 1307 conceptam
1488 1249 1648 1290 contra

237 1321 391 1384 ipsum
412 1320 597 1368 affectui
624 1321 960 1382 manciparent.
989 1320 1120 1377 Quod
1147 1320 1338 1367 audiens
1366 1337 1449 1367 rex
1477 1321 1649 1367 Johan-

239 1414 320 1444 nes
333 1415 359 1444 a
373 1397 577 1460 quodam
595 1397 872 1461 proditionis
893 1397 1079 1444 conscio
1095 1397 1235 1459 quiet
1252 1398 1376 1444 illam
1397 1397 1648 1444 revelando

238 1473 572 1538 indulgentiam
610 1473 899 1537 impetravit,
937 1490 1048 1520 mox
1084 1490 1190 1520 cum
1226 1473 1382 1521 multis
1416 1473 1474 1520 de
1507 1474 1648 1521 domo

238 1552 425 1598 Francie
448 1557 493 1598 et
515 1557 701 1599 centum
730 1551 842 1597 viris
868 1551 1058 1598 armatis
1081 1551 1139 1598 ad
1166 1558 1371 1598 castrum
1397 1551 1649 1598 Rothoma-

238 1643 402 1691 gense‚
445 1626 524 1673 ubi
563 1627 691 1689 ipsos
729 1626 926 1673 Karolus
966 1625 1243 1672 invitaverat
1281 1626 1338 1672 ad
1378 1626 1644 1689 prandium,

238 1703 418 1767 magnis
449 1703 692 1750 itineribus
727 1703 988 1758 contendit,
1027 1702 1351 1766 promissoque
1387 1704 1554 1749 comite
1591 1704 1649 1751 de

237 1779 558 1841 Tanquarvilla
585 1780 663 1840 qui
692 1778 804 1840 ipsis
833 1778 1107 1825 auctoritate
1140 1778 1265 1842 regis
1299 1778 1562 1841 preciperet
1591 1795 1647 1825 ne

238 1855 343 1918 quis
368 1855 455 1902 sub
479 1871 598 1917 pena
625 1854 861 1901 amisionis
886 1853 1051 1916 capitis
1076 1870 1126 1900 se
1153 1853 1211 1900 de
1241 1853 1352 1900 sede
1379 1871 1459 1901 sua
1489 1870 1649 1900 move-

237 1936 332 1987 ret,
374 1931 475 1993 ipse
514 1947 598 1977 rex
639 1947 724 1993 per
763 1937 1034 1993 posternam
1080 1930 1219 1977 castri
1257 1931 1347 1977 huc
1387 1931 1644 1994 ingressus,

237 2008 457 2055 comitem
478 2007 535 2054 de
550 2007 805 2064 Haricuria,
831 2008 1074 2055 dominum
1095 2007 1153 2054 de
1176 2007 1474 2063 Grandivilla,
1499 2008 1649 2055 domi-

237 2101 351 2131 num
376 2084 571 2131 Maubue
604 2089 650 2130 et
683 2084 941 2132 Colinetum
973 2085 1186 2132 Doubleti
1223 2085 1325 2148 capi
1358 2085 1466 2132 fecit
1490 2092 1536 2132 et
1565 2102 1649 2149 per

236 2160 449 2208 eamdem
476 2166 745 2223 posternam
771 2160 829 2207 ad
856 2161 1116 2223 patibulum
1142 2161 1266 2218 duci,
1295 2162 1408 2224 ipsis
1444 2162 1574 2224 prius
1601 2162 1646 2208 in

238 2237 414 2285 itineris
442 2237 596 2284 medio
622 2237 876 2284 decollatis.
901 2240 1075 2301 Regem
1104 2254 1216 2284 vero
1243 2241 1448 2285 Navarre
1475 2244 1522 2285 et
1542 2239 1648 2286 reli-

239 2331 357 2378 quos
374 2320 483 2361 tunc
500 2314 769 2361 assistentes
787 2314 987 2361 diversis
1007 2314 1253 2378 ergastulis
1275 2315 1498 2362 custodiri
1520 2332 1649 2363 man-

239 2391 366 2438 davit
389 2390 539 2438 donec
564 2390 868 2437 deliberasset
894 2390 1003 2453 quid
1032 2396 1252 2454 ageretur
1277 2392 1335 2439 de
1362 2392 1498 2455 ipsis;
1521 2393 1647 2455 quod

239 2467 432 2515 audiens
455 2467 695 2530 Philippus
721 2466 864 2513 frater
889 2466 1011 2530 regis
1039 2470 1260 2525 Navarre,
1287 2468 1333 2514 in
1359 2469 1520 2516 odium
1546 2469 1648 2516 Gal-

289 2627 322 2660 1.
346 2624 511 2660 Maubue
532 2624 576 2660 de
598 2624 866 2660 Mainemares.
892 2624 964 2660 Par
985 2624 1050 2660 des
1072 2625 1201 2662 lettres
1230 2626 1280 2662 du
1312 2627 1410 2662 mois
1431 2627 1476 2663 (16
1500 2627 1649 2673 jani-ier

242 2683 347 2729 1358,
367 2683 402 2719 le
430 2683 602 2730 dauphin
632 2684 790 2719 Charles
819 2683 944 2719 rendit
963 2684 985 2718 ἰι
1004 2683 1100 2720 Jcan
1121 2684 1167 2720 de
1189 2685 1443 2721 Mainemares
1466 2686 1518 2720 los
1541 2686 1648 2721 hiens

240 2742 454 2789 eonfisques
469 2754 533 2778 sur
548 2742 711 2779 Maubue
727 2742 771 2778 de
788 2743 1057 2786 Mainfflnares,
1072 2754 1140 2779 son
1156 2744 1255 2781 frere
1268 2744 1482 2791 (Secoussc,
1499 2746 1648 2780 Premes

241 2804 282 2838 de
303 2803 479 2837 [histoire
498 2803 538 2836 dc
561 2803 711 2837 Charias
733 2804 762 2836 le
783 2803 961 2843 Mauvaz's,
986 2814 1020 2847 p.
1042 2802 1115 2842 70).

291 2860 324 2896 ²2.
350 2860 419 2894 Ms.
444 2862 619 2895 Pantalu.
642 2860 697 2895 Cf.
723 2862 922 2905 Secoussc,
945 2861 1046 2904 ibid„
1072 2873 1107 2907 p.
1130 2862 1184 2897 53.
