2060 3345
455 351 496 385 48
822 352 1023 385 RlCHARDl
1053 351 1178 383 SCOTI
1207 351 1471 383 CHRONICON.
1737 348 1841 395 [1330

451 449 540 495 que
552 431 877 496 temporalium
891 430 968 492 qui
985 428 1327 493 juridictionem
1340 429 1626 492 prelatorum
1646 429 1843 477 multum

451 508 509 555 de
526 526 674 572 prope
688 514 878 571 tangere
896 505 1182 562 viderentur,
1201 506 1521 570 ambigebatur
1535 505 1845 553 verisimiliter

449 602 475 630 a
487 584 716 631 nonnullis
728 600 784 629 ne
799 599 882 629 rex
896 582 954 629 ab
972 582 1176 628 ecclesiis
1188 583 1492 644 temporalem
1501 581 1844 645 juridictionem

449 660 959 707 intenderetamovere.
978 657 1109 715 Quod
1130 674 1231 714 rex,
1255 657 1538 720 quamcicius
1553 657 1845 720 perpendere

447 737 613 797 potuit,
655 734 759 781 fecit
801 734 867 781 eis
906 734 1180 796 responderi
1222 734 1348 797 quod
1390 734 1492 797 jura
1523 739 1568 779 et
1610 733 1844 781 libertates

446 810 643 858 Ecclesie
675 816 721 858 et
752 827 842 873 que
874 810 1231 873 predecessores
1269 810 1339 857 sui
1371 810 1522 857 eidem
1555 810 1846 857 contulerant

447 903 537 933 non
564 886 832 933 intendebat
857 886 1065 934 minuere
1088 886 1159 932 vel
1185 885 1385 943 auferre,
1417 885 1527 949 quin
1554 885 1709 948 potius
1733 902 1845 950 aug-

446 968 669 1009 mentare.
714 962 802 1010 Sed
849 963 909 1009 ob
946 962 1034 1009 hoc
1074 961 1318 1009 consilium
1361 962 1532 1008 fecerat
1572 961 1755 1008 evocari
1796 970 1844 1009 ut

444 1039 709 1086 officialium
733 1045 830 1086 tam
858 1039 982 1103 regis
1008 1055 1149 1101 quani
1168 1039 1305 1085 etiam
1330 1038 1614 1101 prelatorum
1641 1039 1844 1102 corrige-

445 1120 607 1162 rentur
625 1132 859 1163 excessus.
887 1115 1033 1171 Unde,
1054 1120 1106 1162 ut
1125 1115 1489 1178 corrigerentur,
1510 1114 1667 1161 multis
1684 1130 1844 1161 exces-

443 1189 571 1237 sibus
598 1190 862 1246 nominatis,
888 1189 1024 1237 solvit
1049 1189 1293 1236 consilium
1312 1205 1398 1236 rex
1419 1189 1565 1237 abire.

511 1268 589 1313 37.
619 1294 682 1303 —
708 1269 804 1314 Hoc
829 1282 950 1312 anno
985 1265 1213 1313 concessit
1246 1281 1331 1311 rex
1364 1265 1582 1312 ducatum
1613 1265 1844 1312 Borbonie

444 1343 677 1390 Ludovico
688 1343 844 1390 comiti
855 1341 1247 1406 Clari[montensi]
1263 1341 1420 1404 sicque
1435 1341 1532 1389 dux
1542 1341 1844 1405 postmodum

443 1419 719 1481 appellatur,
755 1420 833 1482 qui
865 1419 996 1482 prius
1029 1418 1249 1466 dominus
1280 1417 1511 1465 Borbonie
1550 1417 1844 1465 solummodo

443 1495 698 1543 vocabatur
715 1497 748 1543 ¹.

510 1573 637 1619 38-b.
651 1600 714 1608 —
726 1571 1043 1629 Eadmundus,
1058 1571 1313 1619 avunculus
1330 1571 1453 1635 regis
1462 1570 1625 1635 Anglie
1637 1569 1841 1617 Eduardi

444 1648 502 1695 de
542 1665 636 1711 quo
679 1665 820 1712 supra
866 1648 1181 1701 meminimus,
1228 1664 1440 1695 asserens
1480 1648 1673 1694 fratrem
1707 1662 1843 1694 suum

441 1724 711 1772 Eduardum
727 1741 887 1789 regem
906 1725 1065 1771 vivere
1076 1729 1258 1787 patrem
1271 1723 1395 1788 regis
1408 1723 1597 1788 juvenis
1615 1722 1839 1778 Eduardi,

442 1807 488 1847 et
509 1801 570 1848 ob
597 1801 684 1848 hoc
710 1802 870 1848 nolens
895 1801 994 1865 ejus
1020 1801 1112 1847 filio
1142 1800 1349 1857 obedire,
1382 1800 1573 1863 insuper
1602 1804 1843 1847 accusatus

442 1877 500 1925 de
532 1877 820 1940 proditione,
856 1895 915 1925 ex
951 1883 1172 1941 precepto
1202 1877 1326 1940 regis
1358 1876 1543 1940 nepotis
1570 1876 1641 1924 sui
1670 1882 1839 1932 morte,

442 1953 604 2016 capitis
630 1954 887 2001 abscisione
913 1953 1103 2009 scilicet,
1130 1959 1202 2000 est
1223 1953 1490 2000 mulctatus.

508 2033 586 2077 39.
601 2033 839 2080 —Comes
856 2031 1059 2078 Hanonie
1077 2030 1370 2086 Guillermus,
1396 2029 1600 2076 existens
1618 2029 1664 2075 in
1685 2029 1845 2076 Alver-

442 2106 518 2154 nia
565 2107 689 2170 apud
734 2108 1095 2164 Claromontem,
1141 2106 1294 2154 missis
1335 2105 1746 2152 ambassiatoribus
1786 2104 1843 2151 ad

443 2199 630 2246 papam,
660 2183 945 2245 audiensque
972 2199 1058 2246 per
1077 2182 1205 2245 ipsos
1225 2183 1323 2245 ejus
1348 2181 1603 2228 adventum
1624 2197 1716 2228 non
1741 2195 1844 2226 esse

441 2266 627 2324 gratum
652 2277 788 2324 pape,
820 2259 1087 2324 indignatus
1111 2265 1273 2306 contra
1297 2274 1405 2306 eum
1431 2257 1749 2314 vehementer,
1786 2256 1843 2302 ad

444 2337 636 2400 propria
661 2337 904 2385 remeavit.

986 2452 1025 2496 M
1044 2451 1145 2497 CCC
1159 2451 1300 2497 XXX.

511 2562 636 2609 40-6.
653 2588 716 2596 —
730 2561 861 2607 Anno
882 2561 1127 2608 DominiMO
1146 2567 1250 2608 CCC⁰
1272 2566 1408 2616 ΧΧΧΟ,
1427 2558 1683 2621 Philippus,
1706 2557 1844 2621 Majo-

494 2698 526 2732 4.
550 2696 601 2732 Ce
621 2706 794 2743 passage,
811 2695 875 2742 qui
896 2705 935 2730 se
956 2700 1090 2731 trouve
1111 2694 1212 2730 aussi
1233 2694 1328 2730 dans
1349 2693 1403 2729 les
1426 2693 1586 2730 Grandes
1607 2692 1842 2735 Chroniques,

446 2765 613 2802 manque
641 2754 736 2790 dans
763 2755 797 2789 le
823 2753 1103 2789 Continuateur
1129 2753 1174 2789 de
1196 2753 1414 2789 Guillaume
1435 2751 1481 2787 de
1500 2750 1648 2797 Nangis
1668 2750 1843 2792 (Grandes

450 2814 686 2858 CImoMques,
711 2819 737 2849 t.
760 2812 810 2858 V,
834 2824 869 2858 p.
892 2812 985 2854 337).
