2060 3345
237 319 340 365 1283]
579 321 786 354 CHRONIGI
811 321 943 353 PRIMA
970 320 1275 353 CONTINUATIO.
1567 317 1634 352 195

235 401 340 449 dem
380 401 559 464 aliquos
594 406 699 447 ante
736 400 858 463 regis
893 399 1145 446 adventum
1178 398 1438 452 offendere,
1478 399 1634 462 profe-

231 485 387 525 rentes
412 479 584 524 multos
604 478 830 524 clamores
850 481 894 522 et
916 476 1081 523 indicia
1105 476 1274 538 quibus
1296 481 1539 522 moverent
1566 474 1631 522 ibi

231 553 481 601 existentes
502 553 696 601 Gallicos
711 551 768 598 ad
785 552 1103 614 pugnandum.
1129 555 1252 609 Quos
1272 551 1481 607 audiens,
1507 551 1635 613 prin-

231 646 341 692 ceps
367 630 571 685 Salerne,
603 628 815 683 KaroluS,
840 627 963 690 regis
982 627 1136 674 Karoli
1164 627 1520 691 primogenituS,
1554 626 1633 690 qui

230 706 422 754 dimisso
443 703 758 753 Attrebatensi
785 704 952 750 comite
974 703 1020 750 in
1042 703 1264 759 Calabria,
1290 703 1428 750 certis
1448 703 1506 750 de
1527 720 1633 751 cau-

229 781 293 828 sis
318 782 422 829 illuc
439 786 647 836 venerat,
672 785 826 827 motus
846 785 891 826 et
911 779 1125 826 incitatus
1146 779 1327 826 indiciis
1353 785 1399 826 et
1419 780 1634 826 clamori-

229 857 316 905 bus
338 857 628 912 eorumdem,
649 856 905 918 dampnose
923 871 1112 902 sumens
1132 855 1390 911 audaciam,
1412 872 1518 903 cum
1537 856 1633 903 suis

229 933 530 980 bellatoribus
549 931 740 978 intravit
758 931 910 994 galeas
931 938 975 977 et
1002 930 1209 993 prefatos
1235 930 1446 978 inimicos
1469 947 1634 995 aggre-

228 1011 376 1066 diens,
407 1016 567 1058 contra
592 1026 672 1057 eos
702 1008 925 1073 pugnavit
952 1008 1146 1055 viriliter
1171 1025 1277 1055 cum
1298 1009 1457 1071 paucis
1487 1010 1631 1073 galeis

227 1087 352 1149 quia,
376 1086 539 1134 fraude
566 1093 811 1133 nautarum
832 1085 1073 1148 deceptus,
1094 1086 1338 1133 remiserat
1356 1101 1454 1135 XVII
1476 1087 1631 1150 galeas

225 1163 464 1227 Neapolim
486 1163 531 1209 in
553 1162 722 1225 quibus
747 1162 924 1209 nobiles
945 1168 1076 1209 erant
1097 1169 1142 1208 et
1163 1162 1470 1210 strenuissimi
1491 1163 1634 1210 bella-

226 1244 376 1294 tores3
403 1239 503 1295 sed,
526 1239 633 1301 quia
650 1239 923 1301 inexpertus
944 1239 1198 1302 preliorum
1219 1239 1361 1285 maris
1382 1245 1499 1295 erat,
1527 1255 1633 1286 cum

227 1314 322 1362 suis
363 1320 526 1377 captus
569 1320 615 1360 et
658 1317 914 1361 Messanam
952 1313 1142 1370 ductus,
1187 1313 1395 1361 custodie
1434 1316 1633 1362 carceris

226 1391 516 1454 mancipatus
543 1396 629 1444 est,
654 1407 744 1437 non
768 1396 922 1437 tamen
943 1390 1039 1437 sine
1066 1407 1233 1454 magna
1260 1407 1453 1438 suorum
1478 1391 1633 1438 inimi-

225 1483 388 1515 corum
408 1467 654 1522 occisione,
680 1466 779 1523 sed,
801 1468 908 1529 quia
930 1467 1042 1514 viles
1063 1473 1196 1513 erant
1217 1467 1372 1530 galioti
1399 1472 1445 1514 et
1463 1467 1630 1514 nullius

225 1544 444 1599 nominis,
463 1560 554 1590 non
568 1542 651 1589 fuit
665 1543 826 1605 equale
842 1543 1116 1605 dampnum.
1133 1546 1301 1601 Quarta
1314 1543 1389 1590 die
1401 1545 1628 1607 sequenti,

223 1621 436 1668 veniente
466 1626 599 1684 patre
632 1620 890 1682 Neapolim,
927 1621 1255 1683 Neapolitanos
1288 1621 1366 1684 qui
1395 1621 1492 1685 jam
1524 1627 1632 1685 post

224 1699 487 1761 captionem
515 1697 737 1760 principis
762 1697 978 1760 spiritum
998 1697 1263 1744 rebellionis
1283 1705 1632 1761 assumpserant

225 1781 270 1822 et
287 1775 501 1839 fugarant
522 1774 717 1822 Gallicos
735 1781 777 1820 et
801 1774 1069 1837 spoliarant,
1095 1774 1333 1837 castigavit
1352 1780 1396 1820 et
1411 1790 1508 1831 eos,
1524 1790 1633 1821 con-

225 1851 489 1899 niventibus
521 1851 682 1906 oculis,
728 1851 859 1913 quasi
895 1851 1082 1907 inscius,
1126 1868 1151 1897 a
1191 1851 1285 1897 suis
1318 1851 1532 1913 permisit
1557 1869 1629 1899 se-

225 1928 448 1991 quacibus
474 1927 687 1975 cruciari.
715 1927 917 1974 Tandem
946 1944 1047 1983 rex,
1077 1933 1242 1990 parato
1270 1928 1496 1985 exercitu,
1525 1945 1632 1975 ver-

225 2021 303 2051 sus
323 2004 514 2068 Regiam
533 2005 577 2050 in
596 2004 851 2052 Calabriam
871 2003 947 2050 ubi
969 2020 1125 2051 comes
1146 2004 1486 2051 Attrebatensis
1507 2011 1625 2060 erat,

226 2097 276 2128 se
310 2080 544 2128 transtulit
584 2087 634 2127 ut
668 2084 836 2127 Farum
871 2081 1107 2137 transiret,
1148 2084 1406 2128 Messanam
1439 2082 1631 2144 cupiens

225 2157 441 2205 obsidere
475 2157 575 2213 sed,
610 2157 736 2220 quod
774 2163 1050 2219 conceperat
1088 2158 1313 2220 nequiens
1352 2158 1628 2221 adimplere,

226 2234 370 2281 multa
394 2251 503 2281 vasa
530 2234 573 2280 in
601 2240 740 2296 portu
767 2233 1010 2291 Brandisii‚
1046 2251 1103 2281 ne
1128 2251 1213 2297 per
1236 2235 1372 2282 ssatus
1398 2235 1632 2298 hyemales

226 2316 520 2358 vastarentur
556 2316 635 2357 aut
668 2311 725 2357 ab
762 2310 957 2357 inimicis
995 2317 1290 2373 caperentur,
1330 2311 1633 2374 postmodum

228 2387 489 2443 recludens,
516 2388 693 2450 reliqua
718 2404 802 2450 per
828 2403 973 2444 mare,
1004 2394 1053 2434 ut
1086 2387 1374 2435 custodirent
1399 2388 1628 2452 passagia,

229 2463 497 2511 destinavit.

292 2540 467 2588 Eodem
485 2547 712 2603 tempore,
736 2556 892 2587 comes
904 2540 1108 2595 Rubeus,
1130 2547 1262 2604 pater
1277 2542 1435 2588 uxoris
1451 2541 1625 2587 domini

230 2616 451 2664 Guidonis
478 2616 536 2663 de
562 2616 841 2671 Monteforti,
873 2615 996 2662 diem
1022 2616 1182 2663 clausit
1208 2621 1489 2663 extremum.
1527 2618 1626 2673 Quo

229 2691 404 2748 audito,
438 2691 562 2739 idem
590 2692 756 2747 Guido,
788 2691 845 2738 de
872 2691 1048 2738 licentia
1081 2693 1252 2740 domini
1283 2709 1420 2756 pape,
1452 2693 1630 2739 exerci-

230 2774 330 2815 tum
371 2769 570 2816 Ecclesie
608 2769 654 2815 in
693 2768 961 2816 obsessione
1000 2768 1267 2831 relinquens
1312 2769 1544 2824 Urbinaci,
1582 2786 1631 2816 se
