2060 3345
387 335 451 371 134
621 334 824 367 nmmum
852 332 978 365 SCOTI
1008 333 1216 365 CHRONIGI
1244 333 1551 366 CONTINUATlo.
1675 331 1779 378 [1358

384 412 709 477 cumspectiori
745 411 954 459 custodia
989 428 1038 459 se
1074 411 1262 459 vallavit
1293 418 1339 459 et
1368 411 1532 460 ducem
1567 414 1780 477 protinus

383 487 654 538 diffidaviffl.

446 566 557 612 289.
586 590 650 598 —
675 564 782 608 Post
810 561 941 609 ducis
974 562 1239 627 ingressum
1274 564 1576 628 gloriosum,
1616 568 1780 613 Petrus

380 641 544 705 Egidii,
573 638 794 702 magister
820 639 1020 686 Thomas
1050 640 1251 698 Duladit,
1282 641 1407 704 regis
1434 644 1638 688 Navarre
1672 658 1780 689 can-

379 717 610 771 cellarius,
652 715 922 762 incarcerati
960 715 1146 764 fuerunt
1184 723 1230 764 et
1268 717 1342 764 die
1381 718 1593 780 sequenti
1629 717 1780 766 dictus

378 796 539 839 Petrus
556 807 662 839 cum
679 794 815 838 Petro
833 792 1012 839 Caillat3
1031 792 1089 839 de
1105 793 1209 840 villa
1226 792 1437 841 Oriliensi
1457 793 1559 856 (sic)
1581 793 1779 841 oriundo

377 868 629 916 decollatus
664 867 764 914 fuit.
799 870 994 915 Mortem
1027 885 1214 932 quoque
1247 869 1443 916 similem
1469 869 1543 916 die
1569 870 1780 932 sequenti

377 944 589 1008 perpessi
617 949 725 991 sunt
758 944 989 992 Johannes
1023 945 1310 1008 Propositus,
1344 949 1506 993 Petrus
1531 950 1592 994 Le
1618 947 1775 1002 Elone,

376 1021 596 1084 magister
639 1023 802 1067 Petrus
846 1020 904 1067 de
946 1021 1147 1068 Puteolis
1192 1026 1239 1069 et
1277 1022 1498 1086 magister
1545 1023 1778 1070 Johannes

375 1097 550 1145 Godart
571 1096 801 1143 advocati.

438 1175 552 1222 290.
573 1200 635 1208 -
652 1175 762 1219 Post
788 1174 875 1220 hoc
895 1173 1071 1237 Anglici
1092 1174 1318 1221 Meleduni
1339 1174 1445 1222 ville
1472 1179 1655 1237 partem
1677 1192 1780 1222 ver-

375 1266 453 1296 sus
479 1249 828 1296 Guastinensem
857 1265 1029 1313 pagum
1061 1250 1240 1298 viribus
1270 1257 1617 1314 occupaverunt
1646 1257 1692 1298 et
1717 1252 1777 1298 illi

375 1326 452 1388 qui
473 1326 640 1373 Malum
661 1326 927 1381 Consilium,
958 1327 1077 1374 forte
1103 1328 1407 1390 municipium
1426 1344 1591 1375 versus
1611 1328 1780 1374 Novio-

374 1419 521 1458 mum,
553 1402 858 1465 occupabant,
888 1403 995 1450 inde
1025 1409 1264 1459 exeuntes,
1294 1404 1582 1451 communias
1610 1405 1780 1452 Novio-

375 1494 557 1525 menses
583 1478 794 1526 vicerunt
818 1485 863 1526 et
888 1485 1112 1542 ceperunt
1136 1480 1410 1543 episcopum
1435 1480 1683 1527 civitatis4.

439 1554 551 1601 294.
580 1582 643 1589 —
668 1557 819 1618 Prope
851 1555 1051 1602 Parisius
1077 1555 1216 1602 etiam
1243 1555 1420 1620 Anglici
1449 1561 1495 1602 et
1521 1558 1779 1603 Navarren-

374 1647 447 1678 ses
473 1630 757 1677 Poissiacum
795 1636 838 1677 et
876 1631 1020 1678 multa
1058 1632 1144 1679 alia
1182 1638 1332 1679 castra
1366 1637 1623 1694 rapuerunt
1648 1638 1694 1679 et
1721 1633 1778 1680 de

373 1707 584 1756 Credolio
604 1706 760 1770 sepius
780 1714 1096 1771 erumpentes,
1120 1708 1536 1755 circumaddiencia
1556 1708 1658 1772 (sic)
1683 1713 1778 1755 ter-

372 1783 533 1830 ritoria
553 1782 763 1839 cedibus,
793 1784 968 1846 rapinis
995 1791 1041 1831 et
1066 1784 1290 1831 incendiis
1313 1784 1635 1832 devastabant.

436 1859 548 1907 292.
569 1887 632 1894 —
653 1859 780 1907 Circa
802 1860 941 1907 etiam
962 1860 1085 1908 idem
1106 1866 1291 1923 tempus
1317 1877 1401 1907 rex
1426 1863 1629 1907 Navarre
1655 1865 1777 1907 trac-

371 1936 486 1983 tavit
512 1952 618 1983 cum
645 1936 926 1999 quibusdam
951 1937 1130 1984 civibus
1156 1937 1543 1985 Ambianensibus
1573 1936 1632 1983 de
1665 1936 1777 1983 civi-

371 2017 465 2057 tate
505 2011 752 2067 tradenda,
793 2012 900 2069 sed,
945 2013 1120 2060 fraudis
1158 2018 1373 2060 comento
1417 2013 1625 2070 detectO,
1667 2012 1775 2060 inde

372 2087 595 2134 recedens
653 2088 973 2152 indignanter,
1027 2089 1227 2136 civitatis
1285 2089 1506 2136 notabilia
1558 2089 1776 2152 superbia

371 2164 558 2210 flamma
597 2165 754 2211 voraci
798 2165 844 2211 in
896 2181 1062 2229 magna
1112 2171 1244 2228 parte
1287 2165 1593 2229 consumpsit.
1642 2165 1775 2213 Cives

371 2244 526 2286 autem
544 2239 770 2304 majorem
787 2241 893 2288 ville
910 2242 1159 2304 quemdam
1179 2242 1395 2290 abbatem
1416 2258 1522 2290 cum
1541 2241 1640 2289 aliis
1659 2258 1775 2304 qua-

370 2321 478 2362 tuor
511 2316 590 2378 qui
622 2316 936 2379 proditionem
967 2318 1344 2382 excogitaverant
1370 2323 1597 2381 ceperunt
1623 2323 1668 2365 et
1694 2334 1774 2364 eos

371 2398 421 2439 ut
447 2392 711 2456 proditores
736 2394 966 2457 pessimos
992 2395 1244 2458 decapitari
1271 2395 1523 2443 fecerunt5.

419 2551 451 2585 l.
475 2550 547 2585 Ms.
571 2551 766 2593 defidavit.

418 2607 453 2645 2.
476 2608 548 2643 Ms.
570 2611 785 2653 yloriosam.

419 2667 451 2702 3
474 2667 594 2702 Gilles
621 2667 772 2714 Caillet,
794 2668 939 2714 d'apres
961 2670 1016 2705 les
1038 2671 1198 2707 Grandes
1229 2671 1465 2715 Clcrom'ques,
1489 2674 1516 2705 t.
1540 2670 1606 2716 VI,
1629 2682 1662 2717 p.
1690 2670 1769 2706 136.

418 2727 452 2761 4.
476 2726 533 2762 Cf.
560 2727 721 2762 Grandes
743 2729 981 2772 Chroniqucs,
1003 2734 1030 2764 t.
1053 2729 1123 2775 VI,
1144 2741 1179 2776 p.
1206 2729 1375 2766 137-139.

419 2786 451 2819 5.
476 2785 663 2821 Froissart
687 2790 726 2827 (t.
742 2785 793 2831 V,
809 2798 843 2833 p.
864 2787 941 2825 130)
964 2799 1117 2824 nomme
1140 2788 1261 2834 parmi
1283 2788 1337 2825 les
1359 2792 1515 2825 auteurs
1536 2788 1585 2826 du
1606 2788 1772 2836 complet
