2060 3345
344 343 407 379 176
698 343 899 375 RICIIARDI
929 341 1052 372 SCOTI
1082 340 1365 371 GENEALOGIA.

338 423 494 471 Remis
526 422 570 468 in
596 436 753 484 rogem
785 417 1087 466 coronacione
1117 417 1244 481 regia
1284 434 1415 464 more
1447 422 1729 468 Francorum

339 505 584 549 coronatus
598 498 765 553 extitit,
786 497 891 543 licet
905 494 1289 558 impedimentum
1310 494 1579 558 impositum
1597 496 1733 544 fuerit

337 577 462 640 quod
493 576 574 622 fuit
599 579 753 620 ortum
788 578 834 620 et
865 571 998 635 origo
1023 588 1298 635 guerrarum
1333 571 1477 618 nostri
1504 573 1730 635 temporis

337 669 451 714 quas
493 650 734 697 habemus.
778 653 826 695 In
869 648 942 694 die
987 664 1185 711 namque
1230 648 1549 695 coronacionis
1593 650 1730 712 Regis

336 729 520 789 antiqua
563 726 744 773 ducissa
785 724 1047 788 Burgundio
1093 741 1198 771 cum
1241 724 1335 771 suis
1380 724 1728 779 adherentibuS,

335 802 646 866 appellacione
684 802 825 855 facta,
860 817 962 848 eam
993 800 1193 847 intimari
1235 801 1342 847 fecit
1382 801 1656 863 proceribus
1687 807 1733 847 et

334 880 523 943 paribus
553 879 683 943 regni
717 879 796 941 qui
822 878 1114 925 coronacioni
1145 878 1398 924 intererant
1434 883 1479 924 et
1512 878 1731 940 precipue

334 956 522 1019 prelatis
565 972 621 1002 ne
664 955 708 1001 in
748 955 899 1017 ipsam
945 954 1254 1017 procederent
1296 953 1444 1002 donec
1486 959 1730 1000 tractatum

333 1038 454 1079 esset
480 1031 537 1078 de
558 1031 663 1094 jure
683 1030 809 1094 quod
829 1031 1053 1087 Johanna,
1075 1030 1224 1093 puella
1246 1029 1490 1093 juvencula
1510 1029 1730 1077 Ludovici

332 1109 453 1172 regis
479 1107 682 1155 defuncti
709 1107 1032 1170 primogenita,
1063 1106 1261 1153 habebat
1288 1106 1334 1152 in
1369 1122 1513 1170 regno
1540 1106 1728 1154 Francie

332 1191 376 1231 et
413 1187 615 1231 Navarre
654 1189 699 1230 et
732 1184 817 1230 hec
850 1189 920 1230 est
959 1182 1165 1230 Johanna
1204 1188 1351 1229 mater
1389 1182 1519 1229 istius
1558 1182 1726 1238 muris;

332 1277 423 1307 non
452 1259 744 1307 obstantibus
776 1259 933 1306 verbis
965 1258 1302 1322 appellationis,
1333 1258 1504 1306 festum
1536 1275 1729 1305 corona-

331 1335 475 1382 cionis
492 1336 576 1383 fuit
586 1351 692 1383 cum
707 1334 1028 1398 solempnitate
1043 1334 1345 1391 celebratum,
1356 1334 1511 1398 januis
1529 1334 1728 1381 civitatis

331 1412 516 1470 clausis,
559 1419 604 1459 et
639 1412 829 1459 armatis
867 1411 925 1458 ad
969 1427 1132 1458 eorum
1173 1411 1430 1458 custodiam
1475 1411 1724 1474 deputatis.

330 1489 526 1537 Veniens
558 1488 697 1552 igitur
724 1487 921 1535 Parisius
948 1503 1031 1534 rex
1058 1487 1312 1550 Philippus,
1337 1487 1604 1552 congregati
1630 1488 1728 1535 fue-

330 1571 436 1612 runt
454 1566 498 1612 in
517 1565 750 1629 presentia
763 1565 888 1612 Petri
909 1565 967 1612 de
983 1564 1225 1628 Tirelleyo,
1249 1564 1426 1612 dudum
1446 1564 1569 1629 regis
1586 1568 1728 1611 Fran-

329 1642 395 1688 cie
420 1641 673 1689 cancellarii
698 1641 779 1689 sed
799 1641 856 1688 de
875 1657 997 1688 novo
1021 1657 1106 1703 per
1128 1657 1296 1704 papam
1317 1641 1375 1688 ad
1394 1641 1725 1688 cardinalatum

328 1719 570 1782 assumpti,
601 1718 901 1782 quamplures
935 1717 1114 1764 nobiles
1139 1717 1270 1781 regni
1297 1734 1518 1780 proceres
1550 1723 1595 1764 et
1629 1734 1726 1764 ma-

328 1801 488 1858 gnates
509 1812 598 1842 una
619 1811 725 1843 cum
743 1793 953 1857 pluribus
972 1794 1176 1856 prelatis,
1207 1794 1516 1857 burgensibus
1539 1810 1725 1856 quoque

328 1871 551 1918 Parisiace
594 1871 815 1928 civitatis,
866 1870 944 1933 qui
990 1887 1152 1917 omnes
1202 1871 1557 1917 coronacionem
1602 1870 1726 1934 regis

326 1949 705 2010 approbaverunt
749 1964 927 1994 necnon
968 1947 1055 2010 ipsi
1099 1952 1339 2010 tamquam
1381 1948 1480 2011 regi
1528 1946 1725 1994 fideliter

326 2024 517 2072 obedire
548 2025 809 2088 juramento
845 2024 1171 2080 firmaverunt,
1217 2024 1450 2087 magistris
1493 2023 1726 2072 Universi-

327 2099 432 2145 tatis
458 2100 545 2146 hoc
573 2099 726 2162 ipsum
759 2098 1126 2161 approbantibus
1155 2098 1368 2161 quamvis
1400 2115 1491 2145 non
1518 2099 1725 2146 adhibito

320 2174 608 2238 jurament03
629 2181 737 2222 tunc
757 2175 1039 2221 declaratum
1060 2174 1144 2221 fuit
1169 2175 1297 2237 quod
1319 2175 1485 2222 mulier
1504 2174 1550 2220 in
1576 2191 1722 2238 regno

327 2253 514 2298 Francie
540 2268 632 2298 non
656 2251 890 2299 succedat.

391 2327 601 2391 Philippo
634 2328 731 2375 sine
758 2327 928 2375 herede
949 2328 1152 2375 masculo
1177 2327 1301 2374 viam
1331 2328 1547 2375 universe
1573 2328 1722 2375 carnis

326 2405 550 2469 ingresso,
587 2404 798 2460 Karolus‚
837 2404 978 2451 frater
1014 2403 1129 2466 ejus,
1170 2403 1268 2450 sine
1306 2403 1623 2450 controversia
1650 2402 1722 2450 vel

326 2481 658 2544 impedimento
693 2496 992 2543 quocunque,
1027 2480 1072 2527 in
1100 2496 1245 2543 regno
1273 2479 1512 2536 successit,
1548 2479 1722 2527 habens

327 2558 369 2604 in
403 2574 485 2604 suo
517 2557 664 2621 sigillo
693 2556 809 2603 sicut
838 2562 883 2602 et
916 2556 1080 2602 fratres
1114 2555 1183 2602 sui
1217 2555 1490 2612 habuerant,
1525 2560 1721 2617 excepto

327 2634 511 2680 nomine
548 2651 556 2679 :
597 2652 616 2676 «
650 2633 862 2688 Karolus,
901 2632 977 2679 Dei
1016 2632 1180 2695 gratia,
1217 2632 1405 2679 Francie
1437 2638 1483 2679 et
1516 2635 1719 2680 Navarre

326 2726 427 2756 rex.
468 2729 488 2753 1>
526 2708 694 2756 Karolo
729 2708 884 2770 itaque
922 2708 1019 2755 sine
1048 2707 1220 2755 herede
1257 2708 1460 2755 masculo
1498 2708 1715 2765 obeunte,

326 2785 483 2849 regina
527 2791 679 2832 tamen
726 2785 956 2841 Johanna,
1007 2800 1168 2832 sorore
1210 2784 1355 2847 patris
1402 2783 1510 2831 dicti
1552 2785 1714 2843 muris,
