2060 3345
382 319 446 356 122
613 323 818 356 RICHARDI
845 321 970 354 scoTi
1001 321 1208 354 GHRONIGI
1235 322 1541 356 coNTiNUATlo.
1665 322 1767 369 [4357

376 418 574 465 rumque
602 401 753 448 eidem
784 414 850 448 ΧΙῐ
880 399 1003 446 mille
1031 400 1197 448 libras1
1227 401 1333 449 alibi
1361 402 1498 449 annui
1529 402 1768 452 redditus²

375 479 648 542 assignaret,
685 477 842 539 sicque
871 493 984 539 pace
1016 478 1289 540 composita,
1319 479 1632 526 consentiente
1662 497 1770 543 pre-

375 555 526 618 posito
559 559 604 600 et
633 553 727 600 suis
759 553 1080 616 complicibus,
1112 554 1445 601 parisiensibus
1472 555 1556 602 fuit
1585 555 1768 619 publIce

374 631 708 693 proclamatum
736 629 862 691 quod
890 628 1106 676 dominus
1129 629 1224 676 dux
1247 631 1325 693 qui
1355 637 1487 677 antea
1514 632 1769 679 vocabatur

372 705 495 769 regis
514 704 703 752 Francie
724 711 886 752 tenens
912 705 1082 761 locum,
1113 705 1170 752 de
1194 713 1349 754 cetero
1378 723 1545 770 regens
1571 724 1767 771 regnum

372 781 558 828 Francie
571 786 832 828 vocaretur.
849 781 980 828 Unde
995 787 1040 828 et
1054 781 1155 846 (sic)
1170 782 1537 830 circumferentia
1550 783 1683 846 sigilli
1698 784 1767 831 sui

371 857 595 920 scriptum
613 862 711 904 erat
734 873 742 903 :
769 875 788 901 <t
811 857 1024 913 Karolus,
1049 858 1386 922 primogenitus
1405 859 1528 923 regis
1553 859 1759 916 Francie,

370 949 537 997 regens
567 949 781 996 regnum,
827 952 847 976 1>
887 939 932 980 et
971 934 1077 996 quia
1112 937 1423 982 Navarrenses
1464 934 1620 982 multis
1655 935 1766 983 locis

370 1009 466 1054 vias
484 1014 528 1056 et
547 1008 711 1054 itinera
725 1008 1037 1056 observabant
1056 1009 1297 1066 hostiliter,
1318 1026 1402 1056 rex
1421 1012 1624 1057 Navarre
1642 1026 1766 1057 mer-

367 1083 601 1130 catoribus
635 1084 813 1130 salvum
847 1084 1128 1131 conductum
1160 1085 1443 1132 concedebat
1475 1092 1524 1132 ut
1551 1085 1762 1133 securius

368 1159 705 1222 pertransirent
719 1161 753 1207 3.

431 1241 542 1288 269.
566 1270 630 1277 —
656 1241 849 1299 Quidam
870 1241 1073 1306 armiger
1097 1242 1286 1306 gallicus
1312 1248 1505 1291 vocatus
1526 1243 1764 1308 Philippus

367 1318 424 1364 de
441 1319 674 1381 Remptini
696 1319 773 1381 qui
795 1325 956 1366 contra
977 1319 1217 1366 dominum
1237 1319 1403 1366 ducem
1421 1320 1564 1367 multa
1590 1320 1764 1368 machi-

367 1400 499 1441 natus
526 1395 692 1450 fuerat,
723 1395 976 1442 decollatus
1002 1395 1086 1442 fuit
1107 1395 1353 1442 Parisius4.

430 1476 541 1523 270.
571 1504 634 1511 —
653 1477 813 1524 Blesus
835 1477 892 1524 de
913 1476 1132 1531 Violanis‚
1156 1476 1214 1524 ab
1234 1483 1434 1524 mortem
1460 1477 1641 1541 cognati
1669 1478 1757 1533 sui,

364 1553 619 1600 marescalli
654 1553 975 1609 Claromontis,
1012 1553 1167 1600 villam
1199 1553 1504 1601 parisiensem
1541 1554 1600 1601 ad
1630 1561 1762 1601 extra

364 1628 720 1692 dampnabiliter
747 1629 1018 1692 inquietavit
1031 1630 1066 1676 5.

408 1813 439 1846 1.
463 1810 540 1846 Dix
562 1810 678 1856 mille,
701 1811 847 1857 d’apres
871 1811 925 1846 les
951 1811 1113 1847 Grandes
1139 1811 1361 1855 chroniques
1383 1811 1420 1855 (t.
1448 1810 1516 1856 VI,
1538 1822 1574 1856 p.
1597 1810 1678 1853 96);
1704 1811 1759 1846 les

362 1868 494 1906 lettres
524 1869 573 1905 du
603 1869 793 1915 dauphin,
824 1869 874 1904 du
903 1869 999 1905 mois
1031 1868 1075 1905 de
1105 1880 1206 1905 mars
1238 1869 1349 1912 1358,
1378 1875 1530 1916 portent
1559 1880 1631 1916 que
1662 1874 1760 1905 cette

363 1927 652 1964 reconciliation
682 1927 951 1964 momentanee
980 1927 1035 1963 fut
1064 1933 1214 1964 surtout
1239 1928 1313 1964 due
1334 1928 1355 1963 a
1375 1927 1665 1964 l'intervention
1693 1927 1759 1963 des

362 1987 462 2022 deux
484 1986 610 2022 reines
632 1986 849 2032 (Secousse,
865 1988 1016 2022 Preuves
1035 1987 1076 2021 de
1098 1988 1273 2022 l'histoz're
1294 1988 1334 2022 de
1358 1988 1504 2023 Charles
1526 1990 1556 2022 le
1576 1988 1754 2027 Mauvais‚

362 2056 399 2092 p.
422 2045 494 2088 73).

407 2108 440 2144 2.
465 2108 537 2142 Ms.
560 2108 730 2142 resdttus.

408 2172 440 2208 3.
465 2172 537 2207 Les
558 2173 718 2208 Grandes
741 2172 964 2216 Chrom'ques
985 2176 1023 2217 (t.
1043 2171 1109 2215 VI,
1129 2184 1162 2217 p.
1179 2172 1234 2217 96)
1260 2171 1522 2218 reproduisent
1540 2182 1591 2206 un
1610 2171 1757 2207 modele

360 2230 426 2266 des
453 2229 583 2266 lettres
610 2229 655 2264 de
683 2228 944 2265 saus-conduit
970 2229 1155 2265 delivrees
1176 2229 1197 2265 a
1219 2235 1317 2266 cette
1346 2230 1525 2266 occasion
1555 2241 1622 2277 par
1642 2230 1676 2266 le
1702 2231 1757 2266 roi

360 2288 407 2324 de
426 2288 611 2324 Navarre.

407 2353 438 2388 4.
464 2351 638 2398 Phelipot
652 2352 696 2387 de
711 2352 876 2398 Repenti
897 2352 953 2387 fut
974 2353 1098 2388 arrete
1118 2353 1139 2388 a
1160 2352 1408 2389 Saint-Cloud
1429 2353 1462 2388 le
1484 2354 1524 2389 17
1540 2364 1645 2389 mars
1667 2353 1757 2390 1358

360 2416 395 2446 et
421 2410 594 2456 decapite
614 2410 636 2445 a
656 2410 765 2446 Paris
793 2411 827 2446 le
855 2410 909 2446 19.
939 2410 998 2447 On
1028 2411 1226 2447 l'accusait
1252 2411 1396 2447 d'avoir
1423 2422 1542 2456 concu
1572 2412 1606 2447 le
1635 2412 1755 2458 projet

360 2469 552 2505 d'eulever
572 2469 605 2503 le
632 2469 802 2515 dauphin
831 2469 1012 2516 quelques
1040 2469 1146 2516 Jours
1175 2474 1410 2516 auparavant
1437 2471 1610 2514 (Grandes
1641 2471 1754 2506 Chro-

361 2529 498 2572 niques,
522 2532 549 2563 t.
574 2527 644 2570 VI,
666 2538 701 2573 p.
724 2528 795 2572 98).

407 2591 440 2625 5.
463 2590 535 2625 Les
563 2591 724 2626 Grandes
750 2592 971 2636 Chroniques
992 2596 1034 2634 (t.
1057 2591 1126 2638 VI,
1148 2603 1183 2638 p.
1206 2592 1267 2633 98)
1291 2591 1417 2628 disent
1444 2591 1658 2628 seulement
1683 2603 1755 2639 que

359 2649 411 2684 Le
427 2648 558 2695 Begue
580 2648 625 2684 de
641 2648 826 2685 Villaines
847 2649 940 2684 etait
957 2649 1110 2685 «moult
1131 2650 1207 2685 ami
1224 2663 1240 2683 »
1257 2650 1303 2686 de
1318 2650 1461 2686 Reliert
1477 2650 1521 2685 de
1543 2650 1752 2687 Clermont.
1773 2677 1775 2680 Α

359 2706 519 2753 D'apres
548 2706 584 2742 la
613 2707 819 2751 Chronique
848 2710 1050 2744 normantia
1081 2711 1128 2754 (p.
1153 2709 1248 2756 124),
1270 2709 1296 2744 il
1316 2709 1407 2756 pilla
1428 2710 1463 2745 la
1484 2709 1571 2745 ville
1593 2709 1638 2746 de
1659 2709 1753 2745 Cor-

359 2765 433 2800 beil
454 2765 548 2801 dans
571 2766 605 2802 le
626 2766 692 2802 but
712 2765 906 2802 d‘affamer
927 2767 981 2803 les
1003 2768 1212 2804 Parisiens.
