2060 3345
381 325 446 361 194
813 324 998 356 GERARm
1023 324 1079 354 m:
1105 323 1347 356 FRACHETO.
1665 322 1769 369 [1283

378 423 469 469 que
503 410 652 453 castra
686 409 732 450 et
763 402 1022 448 habitantes
1054 401 1097 447 in
1136 402 1203 450 eis
1239 402 1298 450 ad
1331 402 1602 451 mandatum
1633 421 1769 453 suum

378 482 537 529 venire
557 485 664 527 sunt
688 477 931 540 compulsi.

443 558 484 603 h.
520 584 583 592 —
615 557 744 602 Circa
779 554 1040 616 predictum
1077 561 1278 617 tempus,
1316 572 1512 619 regnum
1543 557 1771 620 Aragonie

379 649 540 679 versus
558 635 807 678 Navarrem
833 630 935 694 (Sic)
956 647 1040 692 per
1053 630 1218 677 milites
1239 637 1285 678 et
1302 632 1627 693 stipendiarios
1649 633 1773 696 regis

376 708 582 761 Francie,
605 723 712 754 cum
733 705 904 753 auxilio
924 705 1166 768 cujusdam
1185 705 1352 753 nobilis
1373 707 1431 754 de
1451 707 1680 770 Aragonia
1694 708 1774 769 qui

376 783 789 845 cognominabatur
822 781 1053 830 Johannes
1088 785 1262 845 Longo,
1293 782 1528 829 invaditur
1559 789 1605 829 et
1630 783 1773 830 multa

376 865 525 904 castra
552 863 775 919 occupata
807 857 995 904 fuerunt
1020 861 1066 903 et
1092 858 1223 904 multi
1249 857 1307 904 de
1335 857 1565 920 Aragonia
1592 858 1775 905 occide-

375 940 481 980 runt
505 934 627 997 (sic),
657 937 795 980 Petro
815 933 1005 981 absente
1025 939 1071 980 et
1094 939 1375 995 procurante
1400 933 1486 980 sibi
1513 933 1773 981 subsidium

375 1009 573 1071 qualiter
591 1014 749 1071 posset
766 1024 961 1072 regnum
988 1008 1142 1071 ipsum
1160 1024 1254 1071 quo
1274 1008 1484 1070 privatus
1506 1008 1600 1071 jam
1626 1009 1774 1056 fuerat

378 1085 638 1132 defensare.

441 1178 480 1209 ο.
501 1189 565 1197 -
584 1161 680 1208 Hiis
696 1161 898 1223 undique
914 1161 980 1208 sic
993 1161 1395 1216 concurrentibus,
1415 1162 1626 1217 Romani,
1645 1177 1775 1208 more

378 1239 514 1286 solito
539 1245 585 1285 et
612 1239 678 1285 eis
703 1238 878 1292 innato,
903 1255 929 1284 a
955 1238 1181 1301 regimine
1208 1237 1345 1285 Urbis
1370 1238 1620 1301 quemdam
1645 1238 1777 1285 nobi-

378 1315 469 1362 lem
481 1315 538 1362 de
553 1315 735 1378 Apulia,
751 1314 974 1361 vicarium
988 1313 1142 1369 Urbis,
1158 1314 1362 1361 officium
1377 1315 1601 1361 senatoris
1612 1331 1777 1378 geren-

378 1397 489 1445 tem,
512 1391 796 1454 expellentes
816 1390 875 1436 ab
896 1390 1066 1445 officio,
1091 1406 1198 1436 eum
1218 1389 1425 1437 custodie
1444 1389 1652 1437 detinere
1673 1406 1778 1453 pre-

378 1472 677 1529 sumpserunt
696 1472 742 1513 et
762 1466 1012 1528 quemdam
1035 1470 1295 1514 Romanum
1312 1466 1499 1512 nomine
1520 1466 1776 1513 Johannem

377 1541 565 1596 Cinchii,
589 1541 781 1588 fratrem
800 1540 975 1588 domini
996 1541 1139 1587 Latini
1160 1546 1271 1587 tunc
1291 1540 1543 1587 Ostiensis1
1568 1539 1775 1603 episcopi

376 1617 421 1664 in
443 1618 736 1680 capitaneum
761 1617 891 1664 urbis
918 1622 964 1665 et
991 1617 1245 1680 reipublice
1271 1616 1566 1663 defensorem
1592 1616 1778 1663 invoca-

377 1700 486 1740 runt
506 1694 602 1756 qui,
628 1694 733 1742 licet
758 1710 924 1756 parum
948 1693 1140 1749 rexerit,
1168 1693 1339 1740 multos
1364 1699 1520 1739 tamen
1545 1695 1779 1739 Romanos

377 1769 572 1816 offendit
604 1775 648 1815 et
685 1769 851 1816 domos
884 1769 1168 1816 Bovinorum
1206 1769 1251 1815 in
1288 1768 1408 1831 pede
1453 1768 1644 1814 mercati
1686 1784 1778 1814 non

378 1845 475 1892 sine
508 1845 782 1908 spoliatione
815 1846 1066 1892 domorum
1092 1846 1352 1892 vicinorum
1385 1844 1507 1891 dirui
1537 1845 1670 1900 fecit;
1697 1844 1778 1891 sed

377 1921 596 1967 Romanis
622 1920 680 1967 ad
702 1920 972 1967 mandatum
998 1937 1118 1982 pape
1140 1920 1361 1975 reversis,
1384 1920 1485 1966 vice
1512 1936 1632 1983 pape
1659 1919 1778 1966 duos

378 1996 574 2042 vicarios
601 1996 827 2042 senatoris
860 2002 1183 2059 susceperunt,
1215 1996 1301 2043 sub
1329 2012 1531 2058 quorum
1558 1995 1781 2059 regimine

379 2071 533 2134 quiete
574 2077 946 2132 permanserunt,
990 2071 1071 2118 sed
1108 2071 1239 2118 multi
1278 2077 1432 2118 tamen
1469 2069 1781 2117 credebantur

379 2163 485 2193 cum
511 2149 647 2193 Petro
673 2146 901 2210 Aragonie
926 2146 1350 2193 confederationem
1377 2146 1552 2193 iniisse.

446 2225 570 2285 Rege
600 2221 741 2285 igitur
773 2222 943 2269 Karolo
970 2222 1028 2268 de
1059 2222 1293 2286 gallicanis
1327 2222 1539 2285 partibus
1565 2238 1658 2284 quo
1684 2221 1779 2268 fere

381 2314 467 2361 per
495 2314 668 2344 annum
694 2314 874 2345 moram
904 2304 1201 2345 contraxerat
1228 2304 1513 2355 revertente,
1545 2314 1630 2360 per
1654 2313 1782 2344 mare

383 2390 431 2421 se
457 2374 686 2421 transtulit
708 2390 868 2420 versus
889 2375 1119 2437 Apuliam,
1145 2375 1274 2438 cujus
1299 2374 1553 2421 adventum
1579 2373 1780 2420 scientes

385 2449 521 2497 Siculi
555 2457 600 2497 et
635 2450 837 2514 Hyspani
873 2467 979 2497 cum
1019 2450 1377 2498 Messinensibus
1420 2455 1778 2506 commorantes,

385 2542 490 2572 eum
530 2540 660 2575 XXVII
697 2526 837 2589 galeis
875 2527 1064 2573 armatis
1108 2533 1155 2573 et
1201 2526 1388 2574 munitis
1426 2532 1655 2573 venerunt
1698 2541 1782 2589 per

386 2619 513 2649 mare
554 2619 701 2666 prope
732 2603 971 2666 Neapolim
999 2610 1048 2650 ut
1082 2620 1162 2651 sua
1194 2604 1440 2668 sagacitate
1473 2609 1664 2666 possent
1698 2603 1782 2650 ibi-

440 2768 472 2801 l.
496 2766 565 2801 Ms.
589 2767 795 2801 Hostz‘ensz‘s.
