2060 3345
345 324 388 360 ⁴.)ss
580 325 783 358 RICHARDI
812 324 938 356 SCOTI
965 324 1174 357 GHRONICI
1204 323 1512 356 CONTINUATIO.
1636 320 1740 365 [1355

409 406 520 453 231.
551 431 614 439 -
644 406 741 450 Rex
772 402 1002 450 Johannes
1038 407 1272 449 monetam
1305 419 1362 448 ex
1397 417 1510 448 auro
1543 418 1663 464 puro
1694 403 1740 448 in

344 497 434 542 qua
462 480 667 542 sculptus
694 483 793 524 erat
818 479 976 541 Agnus
1002 478 1081 524 Dei
1108 478 1319 525 fabricari
1348 477 1455 524 fecit
1480 481 1527 523 et
1553 493 1740 525 cursum

343 556 533 602 aliarum
555 554 808 617 prohibuit,
830 559 1035 601 statuens
1063 560 1111 601 ut
1131 555 1218 601 hoc
1238 569 1301 601 xx
1326 553 1498 600 solidos
1518 553 1741 616 parisien-

343 648 418 678 ses
443 631 634 677 valeret.

407 709 517 756 232.
538 734 601 742 —
620 705 789 754 Civitas
807 706 1078 754 Nanetensis
1103 725 1128 754 a
1154 707 1334 756 Gallicis
1359 711 1632 770 recuperata
1657 705 1742 753 fuit

342 789 387 830 et
412 801 437 829 a
463 783 631 829 Karolo
658 782 716 830 de
741 783 885 830 Blesis
912 783 1141 839 restituta,
1171 782 1377 846 expulsis
1403 782 1508 829 inde
1537 781 1742 829 custodi-

342 859 428 906 bus
453 859 725 906 auctoritate
750 859 971 906 Johannis
996 859 1054 907 de
1080 859 1340 908 Monteforti
1367 858 1589 907 collatis1.

405 935 517 983 233.
538 963 601 971 ——
621 938 772 983 Mense
798 935 1051 990 februario,
1075 936 1292 983 dominus
1314 936 1525 984 Galterus
1545 935 1602 982 de
1622 937 1741 981 Pon-

341 1012 497 1068 tisara,
522 1011 666 1059 abbas
690 1012 842 1059 Sancti
868 1012 1088 1076 Dyonisii‚
1116 1012 1282 1059 morbo
1309 1011 1578 1074 equinancie
1604 1011 1736 1067 obiit,

341 1089 413 1136 cui
438 1088 657 1136 successit
678 1088 894 1135 dominus
913 1089 1144 1136 Robertus
1169 1088 1226 1136 de
1246 1091 1516 1144 Fonteneto,
1539 1087 1610 1134 vir
1631 1087 1741 1133 sim-

340 1164 470 1228 plicis
495 1165 876 1221 conversationis,
901 1164 1115 1222 devotus,
1141 1164 1384 1228 religiosus
1408 1169 1453 1210 et
1473 1169 1741 1227 competen-

341 1247 412 1288 ter
430 1241 674 1298 litteratus,
699 1240 771 1288 via
799 1240 997 1304 Spiritus
1023 1240 1176 1288 Sancti
1200 1247 1246 1288 et
1265 1240 1390 1288 nullo
1416 1240 1739 1304 religiosorum

341 1317 686 1365 contradicente
713 1317 931 1365 electus2.

897 1472 939 1517 M
965 1470 1066 1517 CCC
1091 1472 1180 1519 LV.

406 1592 519 1642 234.
547 1621 611 1628 —
636 1592 945 1640 Navarrenses
975 1609 1161 1656 regnum
1189 1592 1383 1639 Francia
1414 1592 1649 1654 infestant.
1678 1619 1741 1627 —

340 1672 473 1718 Anno
507 1669 687 1717 Domini
721 1669 773 1717 M⁰
803 1669 909 1718 GCC⁰
941 1674 1036 1725 LV0,
1075 1668 1132 1716 de
1169 1668 1387 1715 mandato
1424 1668 1578 1715 Karoli
1616 1669 1740 1732 regis

339 1750 559 1803 Navarre,
589 1746 814 1810 capitanei
849 1751 1108 1793 castrorum
1142 1761 1334 1793 suorum
1361 1745 1439 1807 qui
1465 1750 1739 1807 preceptum

340 1823 463 1887 regis
488 1823 676 1870 Francie
701 1827 1078 1885 contempserant
1103 1822 1161 1870 de
1186 1821 1281 1869 suis
1307 1821 1493 1884 oppidis
1518 1826 1741 1867 exeuntes

340 1914 446 1945 cum
484 1899 586 1961 ipso
623 1914 733 1962 rege
769 1901 972 1945 Navarre
1016 1914 1102 1960 per
1138 1900 1469 1944 Normanniam
1512 1896 1740 1943 hostiliter

340 1975 535 2038 grassati
572 1980 677 2022 sunt
711 1974 1005 2037 dampnaque
1039 1973 1357 2037 irreparabilia
1394 1977 1737 2036 perpetrantes,

340 2056 543 2097 castrum
577 2049 635 2097 de
673 2050 867 2098 Conchis
907 2048 1084 2097 viribus
1126 2054 1495 2112 occupaverunt,
1534 2047 1740 2111 expulsis

340 2126 446 2183 inde
478 2126 788 2190 Francigenis.
825 2125 913 2174 Sed
940 2126 1127 2174 tandem
1161 2126 1374 2183 Karolus,
1404 2124 1740 2188 primogenitus

339 2203 463 2267 regis
483 2202 689 2260 Francie,
713 2218 853 2265 quem
871 2208 1003 2265 pater
1022 2202 1127 2250 illuc
1146 2202 1337 2249 miserat
1353 2207 1403 2249 ut
1419 2201 1618 2265 patriam
1639 2207 1738 2247 tue-

341 2285 487 2337 retur,
517 2280 671 2343 ipsum
690 2295 849 2343 regem
873 2282 1076 2326 Navarre
1103 2279 1295 2327 adduxit
1315 2278 1516 2326 Parisius
1542 2284 1587 2325 et
1613 2276 1737 2340 apud

389 2433 422 2468 1.
444 2431 599 2478 D’apres
631 2431 686 2466 les
717 2432 877 2468 Grandes
912 2432 1137 2477 Ghrmzz'ques
1170 2433 1205 2476 (t.
1239 2431 1306 2477 VI,
1334 2442 1368 2477 p.
1401 2431 1470 2476 16),
1502 2430 1537 2466 la
1569 2429 1657 2465 ville
1689 2429 1736 2465 de

341 2491 486 2527 Nautes
515 2490 637 2526 aurait
665 2489 723 2526 ete
752 2489 918 2536 surprise
944 2490 978 2526 le
1000 2491 1040 2526 17
1063 2490 1200 2526 sevrier
1221 2490 1309 2526 1355
1331 2500 1397 2536 par
1415 2500 1468 2524 un
1494 2488 1590 2535 parti
1617 2487 1739 2523 d'An-

340 2549 434 2596 glais
454 2553 491 2585 et
511 2548 653 2596 reprise
678 2548 715 2585 la
739 2549 824 2585 nuit
853 2549 1027 2586 suivante
1047 2560 1114 2596 par
1134 2549 1220 2596 Guy
1240 2549 1285 2585 de
1306 2548 1526 2595 Rochefort,
1547 2547 1738 2594 capitaine

342 2608 387 2644 de
408 2607 444 2643 la
464 2606 565 2643 ville.

387 2667 422 2702 2.
445 2666 516 2702 Les
544 2665 729 2713 premiers
757 2670 858 2703 actes
886 2669 935 2703 ou
964 2666 1108 2703 Rohert
1127 2667 1172 2703 de
1191 2666 1388 2713 Fontenay
1415 2665 1488 2701 soit
1517 2666 1738 2702 mentionne

342 2737 490 2762 comme
510 2725 604 2763 abbe
624 2725 669 2762 de
690 2725 942 2762 Saint-Denis
962 2732 1061 2773 sont,
1082 2726 1227 2772 d'apres
1252 2725 1340 2761 dom
1361 2724 1547 2772 Felibien,
1568 2725 1618 2760 du
1639 2724 1737 2761 mois

343 2784 386 2821 de
408 2796 508 2821 mars
530 2785 618 2821 1355
641 2785 835 2831 (Felibien,
855 2786 1012 2821 Histoire
1030 2786 1071 2821 de
1091 2785 1328 2822 Saint-Denis
1349 2795 1392 2819 en
1412 2785 1561 2825 France,
1579 2795 1616 2830 p.
1638 2782 1733 2829 278).
