2060 3345
347 319 391 354 76
588 322 793 354 RICHARDI
821 319 947 352 SOOTI
976 319 1183 352 CHRONICI
1211 319 1517 353 CONTINUATIO.
1642 318 1745 364 [1347

348 417 464 464 pans
484 401 733 456 civitatem,
758 399 908 462 ipsam
931 399 977 446 in
1000 404 1135 462 parte
1160 400 1361 447 maxima
1385 400 1572 447 flamma
1592 401 1748 448 voraci

347 476 635 539 consumpsit
653 480 698 522 et
715 475 971 538 burgenses
991 475 1210 538 virosque
1231 476 1565 524 ecclesiasticos
1578 477 1749 525 multos

347 554 556 616 captivos
582 568 740 599 secum
765 551 961 599 abduxit
973 551 987 580 ¹
999 588 1009 598 .

415 639 523 682 476.
552 662 616 670 —
640 637 838 697 Propter
864 650 1058 698 guerras
1083 634 1395 690 imminentes,
1420 634 1612 698 jubente
1639 651 1749 699 rege

346 711 550 766 Francie‚
573 709 680 756 villa
700 709 852 757 Sancti
873 709 1076 773 Dyonisii
1100 716 1209 757 tunc
1232 709 1417 756 fossatis
1441 709 1593 757 clausa
1617 710 1746 757 fuit2.

413 794 521 839 477.
563 820 627 827 —
664 795 713 838 In
753 792 1009 839 Pictavensi
1049 791 1288 839 territorio
1327 792 1431 838 villa
1468 808 1559 855 que
1596 793 1752 840 Tuella

276 874 280 876 ’
346 874 539 916 vocatur
567 868 626 915 ab
660 868 862 932 Anglicis
896 874 1030 931 capta
1057 868 1143 915 fuit
1178 868 1278 923 sed,
1306 868 1545 915 nondum3
1578 869 1751 916 exactis

344 944 494 991 tribus
521 944 775 1000 mensibus,
799 962 823 990 a
849 943 1029 992 Gallicis
1056 944 1235 991 viribus
1260 950 1533 1007 recuperata
1560 950 1647 991 est.

413 1030 523 1074 478.
538 1054 601 1062 —
619 1025 739 1073 Villa
761 1026 935 1074 Calesii
954 1027 1149 1088 capitur.
1164 1028 1370 1074 —Anno
1391 1026 1573 1073 Domini
1586 1026 1638 1073 Μ0
1648 1021 1752 1075 CGC⁰

343 1102 505 1158 XLVI1⁰‚
541 1118 647 1149 cum
684 1102 965 1150 Calesienses
1000 1108 1127 1148 tanta
1162 1102 1297 1148 famis
1325 1102 1427 1166 (sic)
1462 1101 1616 1148 media
1654 1103 1751 1164 pri-

344 1180 627 1235 merentur4‚
648 1184 698 1226 ut
718 1184 862 1234 ratos,
886 1194 1046 1225 mures
1061 1184 1106 1225 et
1121 1178 1333 1225 animalia
1351 1178 1589 1225 immunda
1610 1179 1750 1226 edere

346 1262 639 1318 cogerentur,
676 1271 761 1302 nee
786 1254 994 1317 deputati
1026 1271 1052 1300 a
1082 1270 1193 1317 rege
1226 1253 1396 1300 cibaria
1423 1270 1593 1311 messa,
1623 1255 1751 1317 cupi-

344 1332 485 1380 ditate
504 1332 634 1389 moti,
656 1332 721 1378 eis
740 1331 931 1388 ferrent,
952 1347 1056 1387 rex,
1076 1337 1205 1378 tante
1231 1331 1479 1378 calamitati
1507 1348 1751 1394 compara-

344 1414 419 1456 tus
445 1409 502 1455 ad
529 1407 895 1456 succurrendum
924 1407 1102 1455 eisdem
1126 1407 1269 1454 flectit
1295 1407 1384 1454 iter
1410 1423 1517 1454 cum
1543 1407 1750 1454 exercitu

344 1486 550 1548 copioso.
575 1485 707 1543 Quod
733 1484 925 1531 audiens
949 1500 1033 1530 rex
1057 1484 1218 1546 Anglie
1244 1483 1290 1530 in
1317 1483 1425 1530 dolo
1453 1483 1607 1530 missis
1635 1500 1750 1530 nun-

344 1562 425 1608 ciis
450 1561 508 1608 ad
534 1560 828 1608 tractandum
855 1559 913 1607 de
938 1576 1052 1622 pace
1079 1559 1284 1607 triduum
1312 1560 1444 1622 petiit
1463 1566 1508 1606 et
1528 1560 1751 1622 impetra-

344 1638 427 1693 vit,
453 1654 544 1700 que
570 1638 738 1700 spatio,
763 1637 1023 1683 exercitum
1045 1652 1181 1683 suum
1201 1636 1322 1683 vallo
1342 1643 1387 1682 et
1406 1636 1529 1683 fossa
1552 1635 1750 1683 circum-

343 1714 485 1761 cinxit
517 1715 674 1777 sicque
707 1719 941 1760 transacto
972 1714 1172 1760 termino
1204 1729 1288 1759 rex
1318 1713 1507 1760 Francie
1533 1712 1592 1759 ad
1619 1712 1748 1760 illum

344 1790 553 1854 nequivit
590 1790 838 1838 accedere5
876 1789 997 1837 unde
1033 1806 1270 1837 recessum
1309 1789 1407 1852 ejus
1444 1788 1748 1852 ingloriosum

344 1868 626 1917 Calesienses
658 1872 988 1930 agnoscentes,
1025 1882 1076 1913 se
1116 1866 1215 1929 regi
1250 1866 1411 1929 Anglie
1446 1865 1749 1912 reddiderunt

344 1945 469 1991 salva
489 1944 600 1990 vita.
624 1943 786 1993 Villam
803 1959 917 2006 ergo
935 1942 1217 2006 ingrediens,
1240 1958 1402 1989 omnes
1422 1941 1595 1988 incolas
1617 1941 1749 2005 ejecit

345 2020 424 2082 qui
451 2019 752 2082 postmodum
777 2019 921 2066 coacti
955 2024 1062 2066 sunt
1089 2034 1175 2080 per
1200 2033 1397 2081 regnum
1423 2017 1750 2064 miserabiliter

345 2096 611 2143 mendicare
635 2102 682 2143 et
707 2095 863 2142 villam
888 2094 1091 2159 Anglicis
1119 2094 1379 2157 populavit.

394 2262 425 2295 1.
449 2260 503 2295 Cf.
538 2261 701 2297 Grandes
737 2260 973 2304 Clzrorzz'qzws,
1006 2264 1033 2294 t.
1064 2258 1113 2304 V,
1144 2270 1180 2305 p.
1214 2258 1302 2301 4ss4;
1337 2259 1639 2303 Chronoqraphz'a
1671 2269 1745 2303 req.

347 2321 489 2359 Franc„
514 2323 541 2354 t.
564 2318 616 2365 II,
638 2330 673 2364 p.
696 2318 778 2354 235.

392 2379 426 2414 2.
454 2377 610 2424 D’apres
632 2377 687 2413 les
710 2378 870 2413 Grandes
895 2377 1131 2421 chroniques,
1151 2377 1206 2412 les
1222 2381 1385 2413 travaux
1406 2376 1533 2412 furent
1554 2387 1747 2413 commen-

348 2436 410 2471 ces
432 2446 516 2471 vers
539 2430 778 2481 l⁷Epiphanie
798 2435 844 2470 de
865 2435 1016 2470 l'annee
1039 2435 1127 2470 1347
1152 2439 1191 2478 (t.
1214 2434 1266 2481 V,
1287 2446 1323 2481 p.
1345 2434 1440 2478 466).

395 2495 428 2530 3.
452 2495 523 2529 Ms.
548 2504 766 2538 numquam.

395 2553 428 2587 Ji.
452 2553 524 2587 Ms.
550 2555 654 2586 tanta
674 2553 787 2597 s'cz‘nm's
807 2553 926 2587 media
944 2554 1195 2596 primerentes.

395 2613 427 2646 5.
450 2611 538 2647 Une
560 2610 670 2645 lettre
691 2600 904 2646 d'Edouard
925 2610 997 2656 III,
1019 2609 1068 2645 du
1093 2609 1198 2645 lundi
1220 2610 1263 2646 30
1288 2609 1412 2657 juillet
1435 2610 1539 2655 1347,
1561 2621 1633 2656 que
1655 2620 1751 2646 nous

347 2669 525 2717 publions
545 2669 667 2715 parmi
688 2669 743 2704 les
765 2669 898 2704 Pieces
921 2668 1207 2715 justificatives,
1228 2673 1379 2704 mentre
1410 2667 1637 2704 clairemeut
1664 2668 1752 2715 qu'it

348 2740 391 2765 ce
420 2733 592 2764 moment
618 2718 795 2764 Edouard
815 2727 872 2763 III
893 2728 1035 2764 n'avait
1066 2732 1326 2764 aueunement
1355 2726 1571 2763 l’intention
1591 2726 1636 2762 de
1658 2726 1750 2762 faire

350 2788 385 2823 la
406 2787 494 2834 paix
517 2798 608 2824 avec
630 2787 664 2823 le
686 2786 740 2823 roi
760 2786 805 2823 de
826 2786 986 2823 France.
