2060 3345
299 309 402 355 1357]
526 311 731 344 RICHARDI
759 310 885 343 SCOTI
913 311 1120 344 CHRONICI
1148 311 1455 344 CONTINUATIO.
1628 308 1690 344 1⁵21

297 396 422 436 tores
455 395 501 435 et
534 388 659 451 quod
691 386 981 434 ordinatione
1013 388 1162 451 plebis
1197 388 1284 434 hoc
1319 387 1490 435 factum
1522 388 1691 444 fuerat,

296 480 467 527 rogans
485 471 550 520 ut,
570 468 668 510 acta
683 462 979 509 rectificando
998 463 1034 508 si
1050 463 1414 527 indignationem
1429 462 1528 526 ejus
1542 463 1695 510 incur-

295 546 470 595 rerant,
507 540 573 586 eis
607 538 939 602 indulgentiam
972 539 1275 586 condonaret.
1312 543 1412 597 Quo
1445 539 1695 586 liberaliter

296 631 534 670 concesso,
559 615 664 677 quia
687 620 898 676 tempora
925 618 1034 660 tunc
1055 614 1451 671 dissimulationis,
1480 631 1571 661 non
1595 614 1696 661 vin-

295 691 432 747 dicte,
463 691 575 746 dux,
607 690 650 736 in
672 690 856 753 signum
878 695 1036 736 mutue
1063 690 1338 746 dilectionis,
1362 708 1420 737 ex
1445 691 1610 753 pannis
1636 707 1695 737 ex

294 767 534 829 preposito
556 766 642 812 sibi
664 766 835 820 missis,
861 782 948 828 pro
970 782 1019 812 se
1039 766 1226 828 suisque
1251 766 1549 814 familiaribus
1570 767 1697 814 simi-

294 843 352 889 lia
379 843 566 905 capucia
600 848 650 889 ut
683 842 963 889 Parisienses
997 842 1095 888 fieri
1124 842 1248 899 fecit,
1287 843 1553 905 prepositus
1583 859 1695 889 vero

295 919 519 966 trucidata
545 935 744 981 corpora
767 918 866 982 ipsa
894 924 939 964 et
961 918 1124 965 eadem
1151 918 1224 965 die
1251 935 1336 982 per
1357 919 1694 982 abjectissimos

294 998 420 1043 viros
458 996 515 1043 ad
547 998 762 1043 Sanctam
796 996 1093 1043 Katherinam
1126 996 1264 1044 Vallis
1298 996 1551 1043 Scolarium
1586 996 1696 1043 ferri

293 1072 400 1118 fecit
435 1078 484 1118 ut
511 1071 573 1117 ibi
607 1071 933 1135 sepelirentur.
967 1071 1271 1118 Persuasione
1302 1072 1441 1118 etiam
1472 1072 1696 1135 prepositi

293 1149 424 1196 multi
441 1150 696 1213 burgenses
710 1149 950 1196 civitatum
970 1149 1098 1212 regni
1121 1154 1167 1196 et
1188 1150 1355 1195 timore
1368 1149 1696 1196 Parisiensium

293 1226 440 1272 scelus
461 1225 858 1289 approbaverunt.
883 1230 985 1272 Dux
1007 1225 1145 1272 etiam
1167 1226 1436 1288 compulsus
1457 1232 1528 1272 est
1549 1227 1695 1273 verbo

294 1307 428 1349 tenus
472 1302 737 1365 approbare
779 1302 1096 1350 ordinationes
1129 1302 1270 1349 trium
1312 1308 1536 1349 statutum
1573 1319 1695 1349 anno

294 1379 453 1441 elapso
472 1379 731 1434 conclusas,
751 1379 1031 1441 promittens
1048 1379 1173 1442 quod
1192 1395 1389 1443 regnum
1407 1395 1570 1426 eorum
1590 1395 1700 1425 con-

295 1455 396 1502 silio
424 1455 707 1519 gubernaret
739 1462 786 1502 et
811 1455 1005 1503 curiales
1038 1472 1156 1518 quos
1189 1462 1501 1519 poposcerant
1531 1455 1697 1518 expelli

294 1531 352 1578 ab
373 1531 538 1578 officiis
562 1531 819 1594 deponeret
834 1533 866 1578 ¹.

360 1608 473 1655 267.
519 1637 582 1644 -
624 1609 841 1656 Induciali
886 1609 1042 1656 federe
1086 1609 1206 1655 inter
1246 1625 1380 1674 reges
1420 1609 1610 1656 Francie
1653 1615 1699 1655 et

294 1685 456 1747 Anglie
482 1685 806 1739 confirmat02,
839 1701 919 1731 rex
952 1685 1112 1749 Anglie
1136 1684 1194 1731 de
1222 1685 1481 1748 municipiis
1507 1686 1697 1732 Francie

293 1761 510 1825 Anglicos
533 1761 673 1825 jussit
706 1761 940 1818 recedere,
981 1762 1058 1824 qui
1092 1768 1247 1808 tamen
1282 1762 1324 1808 in
1362 1778 1529 1825 magna
1564 1769 1696 1824 parte

294 1837 484 1884 minime
515 1837 810 1895 obedierunt,
843 1838 923 1884 sed
953 1837 1089 1884 solito
1118 1837 1268 1884 acrius
1296 1837 1493 1900 patriam
1520 1837 1697 1900 inquie-

293 1919 461 1969 tantes,
491 1914 549 1960 de
576 1916 809 1977 Spernaco
836 1914 1048 1961 exierunt
1073 1920 1119 1961 et
1146 1914 1301 1961 villam
1330 1914 1695 1962 Montis-Leherii

294 1996 521 2054 ceperunt
546 1998 591 2038 et
618 1990 797 2053 predati
826 1997 950 2038 sunt.

359 2070 471 2117 268.
510 2095 574 2102 —
608 2070 785 2131 Treuge
819 2067 939 2114 inter
975 2067 1217 2114 dominum
1252 2067 1419 2115 ducem
1454 2073 1500 2114 et
1535 2083 1695 2130 regem

294 2145 514 2197 Navarre‚
540 2142 770 2189 mediante
792 2144 1050 2206 preposito,
1076 2143 1427 2200 confirmantur,
1453 2143 1539 2190 sub
1560 2150 1696 2206 pacto

294 2219 419 2281 quod
443 2219 671 2282 promissa
699 2219 891 2281 pecunia
922 2220 967 2265 in
999 2236 1165 2283 magna
1186 2226 1317 2282 parte
1345 2220 1432 2282 ipsi
1465 2220 1561 2283 regi
1590 2236 1697 2283 per-

293 2296 458 2351 soluta,
489 2295 583 2342 dux
617 2296 768 2342 eidem
795 2296 1066 2342 comitatum
1092 2296 1437 2360 Bigorrensem,
1467 2296 1692 2360 vigeriam

293 2371 350 2418 de
391 2372 577 2435 Riparia
618 2372 753 2419 daret
791 2388 844 2418 ac
884 2373 1153 2419 comitatum
1194 2373 1579 2420 Masticonensem
1611 2373 1696 2420 ite-

342 2536 372 2570 1.
397 2536 497 2572 Tout
517 2548 560 2572 ce
582 2537 677 2573 remit
698 2541 754 2573 est
776 2537 1031 2573 entierement
1052 2537 1245 2573 conforme
1267 2537 1288 2572 a
1310 2538 1410 2574 celui
1439 2538 1503 2574 des
1533 2540 1694 2575 Grandes

294 2595 517 2638 Chroniques
540 2596 578 2640 (t.
604 2595 672 2641 VI,
694 2606 730 2641 p.
754 2595 887 2632 86-90l.

339 2654 373 2688 ⁶2.
397 2652 498 2689 C'est
519 2653 552 2689 le
573 2654 616 2690 2²2
635 2654 788 2700 janvicr
810 2654 899 2689 1358
926 2664 999 2701 que
1026 2654 1059 2689 le
1086 2654 1199 2690 truite
1230 2655 1366 2690 conclu
1397 2660 1506 2689 entre
1536 2655 1589 2689 les
1621 2655 1695 2690 ruis

293 2711 338 2747 de
360 2711 507 2748 Franco
528 2718 563 2748 ct
584 2712 851 2759 (l'Angleterre
874 2713 929 2749 fut
949 2713 1103 2759 apporto
1123 2720 1170 2749 au
1192 2712 1360 2760 dauphin
1384 2714 1557 2759 (Grandes
1580 2714 1694 2750 Chro-

294 2772 434 2814 m'ques,
457 2775 482 2806 t.
508 2771 576 2817 VI,
598 2782 632 2818 p.
656 2772 714 2817 83=)
