2060 3345
433 358 476 394 44
809 359 1014 392 RIGHARDI
1042 358 1169 391 SCOTI
1196 359 1461 395 GHRONICON.
1725 358 1829 405 [1337

433 441 583 490 adhuc
603 440 817 488 dicebant
839 439 965 502 quod
989 439 1166 487 ratione
1187 440 1304 505 signi
1330 458 1424 505 quo
1444 446 1663 506 generata
1682 441 1768 489 fuit
1787 447 1832 489 et

433 516 754 581 generantium
779 513 1066 578 significabat
1090 514 1453 564 habundantiam
1480 515 1717 580 sanguinis
1746 516 1832 562 im-

434 593 594 640 mundi
629 592 674 638 in
713 591 869 638 multis
902 590 1186 655 egritudines
1226 592 1464 656 subsequi.
1504 595 1618 639 Item
1653 592 1832 641 ratione

434 669 589 717 Martis
624 667 863 714 existentis
899 667 945 714 in
979 668 1231 731 Scorpione
1269 669 1555 732 significabat
1591 668 1829 726 falsitates,

434 744 637 800 fraudes,
672 741 927 798 mendacia,
959 742 1194 790 latrocinia
1230 749 1368 807 atque
1399 761 1619 808 guerras,
1654 744 1833 791 ratione

434 820 640 875 Saturni,
682 818 1005 882 cupiditatem,
1044 820 1385 877 extorsionem,
1425 837 1668 878 rancores,
1707 821 1830 878 odia,

434 895 812 952 machinationeS,
839 895 1158 944 inobedientes
1178 897 1333 945 cordis
1352 898 1581 955 miserias,
1610 904 1830 955 mortem,

433 989 646 1020 rumores
681 972 912 1020 terribiles
947 990 1000 1020 ac
1034 990 1276 1037 pavorem.
1314 978 1429 1022 Item
1463 975 1618 1038 ipsum
1651 975 1834 1039 signum

435 1048 733 1097 Geminorum
754 1048 911 1096 dicunt
932 1065 1033 1096 esse
1054 1050 1306 1097 humanum
1327 1050 1482 1097 avium
1509 1056 1835 1114 magnatorum

433 1128 528 1172 Deo
549 1124 866 1182 servientium,
884 1125 990 1172 ideo
1007 1132 1187 1173 cometa
1206 1126 1471 1174 minabatur
1487 1127 1561 1174 illa
1578 1143 1835 1190 omnesque

434 1201 740 1264 corporaliter
759 1201 831 1248 vel
851 1201 897 1248 in
921 1207 1060 1250 statu.
1082 1207 1196 1250 Item
1223 1203 1439 1250 dicebant
1456 1203 1601 1266 quod,
1624 1204 1835 1252 conside-

433 1278 544 1325 ratis
570 1278 862 1342 ymaginibus
882 1279 967 1325 celi
987 1279 1044 1326 ab
1062 1295 1115 1326 ea
1139 1280 1432 1342 pertransitis
1451 1280 1835 1343 consideratoque

434 1354 772 1417 conjunctionis
798 1354 932 1419 signo
958 1356 1115 1403 Martis
1141 1361 1187 1402 et
1212 1356 1395 1404 Saturni
1424 1356 1688 1404 minabatur
1711 1363 1835 1404 terre

434 1431 753 1495 quadrupedia
792 1432 837 1478 in
876 1432 1009 1494 aquis
1050 1432 1253 1479 natantia
1291 1432 1451 1495 eisque
1489 1433 1750 1496 navigantia
1790 1440 1836 1480 et

433 1508 560 1572 quod
580 1509 626 1555 in
648 1509 781 1572 aquis
800 1508 1026 1556 deberent
1049 1509 1181 1571 sequi
1207 1509 1351 1556 multa
1372 1509 1742 1557 inconvenientia
1763 1510 1835 1557 vel

432 1602 518 1648 per
541 1601 702 1648 aquas.

500 1663 609 1709 409.
654 1689 717 1696 —
761 1661 873 1724 Cap.
912 1660 1139 1709 CLXXIX
1169 1677 1213 1709 a.
1249 1689 1312 1697 —
1352 1661 1483 1710 Circa
1527 1661 1695 1709 festum
1736 1678 1836 1708 om-

432 1738 559 1785 nium
590 1740 865 1785 Sanctorum
890 1743 1114 1800 ceperunt
1147 1743 1309 1802 gentes
1344 1738 1468 1803 regis
1494 1738 1656 1802 Anglie
1686 1738 1836 1800 quod-

432 1814 540 1861 dam
564 1821 769 1861 castrum
797 1814 922 1878 regis
945 1814 1134 1861 Francie
1160 1815 1206 1860 in
1231 1814 1483 1861 Xanctonia
1512 1815 1639 1876 quod
1665 1814 1834 1862 dicitur

432 1891 740 1939 I‘aracollum1
752 1929 762 1948 ,
778 1891 902 1938 ferro
917 1896 962 1938 et
976 1891 1082 1955 igne
1094 1897 1328 1939 vastantes
1345 1891 1476 1939 villas
1492 1891 1612 1938 circa
1629 1898 1834 1939 castrum

432 1967 694 2031 adjacentes
719 1984 773 2016 ac
799 1967 1026 2031 plurimos
1049 1967 1331 2016 occidentes.

500 2046 608 2091 ΜΟ.
638 2072 702 2079 -
727 2045 841 2092 Cum
874 2044 1183 2092 communiter
1215 2044 1448 2092 diceretur
1480 2060 1640 2108 regem
1674 2044 1836 2108 Anglie

433 2136 627 2184 regnum
654 2121 844 2167 Francie
870 2120 988 2168 velle
1014 2136 1106 2167 non
1133 2120 1283 2168 solum
1309 2119 1529 2168 invadere
1555 2120 1638 2168 sed
1663 2121 1836 2167 intrare

481 2245 513 2280 1.
538 2243 716 2289 Parcoul,
738 2243 958 2290 Dordogne,
980 2255 1055 2280 arr.
1078 2244 1125 2280 de
1146 2243 1326 2291 Riberac,
1348 2249 1450 2281 cant.
1467 2244 1511 2281 de
1534 2243 1833 2291 Saint-Aulaye.

433 2303 485 2339 M.
507 2302 555 2338 H.
579 2302 808 2339 Moranville
829 2313 851 2338 a
871 2302 946 2338 cite
966 2313 1042 2339 une
1062 2303 1261 2350 quittance
1288 2303 1337 2339 du
1358 2303 1380 2339 2
1397 2303 1482 2351 juin
1505 2303 1609 2349 1337,
1636 2301 1835 2340 d’Arnaud

432 2362 478 2398 de
499 2360 738 2407 Marmande,
755 2362 910 2409 ecuyer,
926 2361 948 2397 a
967 2361 1061 2397 Itier
1081 2362 1126 2398 de
1146 2362 1325 2409 Magnac,
1341 2362 1523 2399 senechal
1543 2361 1587 2397 de
1608 2360 1833 2408 Saintonge,

431 2430 529 2467 pour
542 2420 576 2455 le
591 2424 768 2456 montant
788 2419 833 2456 de
855 2430 915 2456 ses
936 2431 1050 2468 gages
1072 2431 1222 2456 comme
1241 2420 1400 2467 gardien
1420 2419 1470 2455 du
1492 2420 1655 2457 chateau
1677 2420 1723 2457 de
1743 2420 1833 2456 Par-

433 2479 520 2516 coul
541 2480 869 2525 (leonoqraphz'a,
894 2485 921 2515 t.
944 2479 995 2524 II,
1025 2491 1058 2526 p.
1083 2479 1161 2526 27);
1184 2501 1227 2506 —
1253 2479 1400 2515 d’autre
1432 2483 1530 2526 part,
1558 2478 1592 2513 le
1616 2479 1658 2514 12
1678 2478 1833 2515 octobre

435 2537 538 2583 1337,
560 2537 647 2573 Hue
668 2537 839 2583 Quieret,
864 2551 879 2571 «
903 2538 1098 2574 chevalier
1124 2538 1158 2575 le
1181 2538 1268 2586 Roy
1288 2543 1326 2573 et
1353 2549 1421 2574 son
1451 2537 1602 2583 amiral,
1627 2550 1641 2570 »
1663 2537 1834 2573 mandait

433 2597 455 2632 'a
474 2596 642 2631 Thomas
664 2596 832 2642 Fouque,
857 2596 972 2643 garde
993 2597 1041 2632 du
1070 2597 1149 2633 clos
1170 2597 1235 2633 des
1261 2598 1390 2644 galees
1417 2596 1465 2632 du
1494 2596 1548 2632 roi
1569 2596 1591 2632 a.
1613 2596 1766 2642 Rouen,
1788 2596 1834 2632 de

434 2654 580 2691 sournir
599 2654 665 2690 des
685 2665 861 2690 armures
882 2655 903 2690 a.
924 2655 1075 2691 Durant
1097 2655 1275 2703 Pelegrin
1299 2670 1314 2689 «
1337 2655 1402 2702 qui
1432 2655 1654 2691 s'entremet
1674 2654 1719 2689 dc
1741 2654 1835 2701 I'ap-

433 2714 553 2761 pareil
582 2713 627 2749 de
653 2713 807 2749 I'armee
828 2724 901 2760 que
922 2714 955 2749 Ie
980 2714 1065 2761 Roy
1086 2715 1222 2751 envoie
1252 2716 1292 2750 es
1319 2714 1460 2760 parties
1489 2714 1533 2749 de
1564 2713 1788 2760 Saintonge.
1817 2727 1830 2746 i>

433 2773 654 2809 Inventaire
682 2772 895 2808 manuscrit
921 2772 986 2809 des
1013 2773 1121 2810 titres
1147 2773 1192 2809 de
1218 2773 1508 2818 Joursanvault,
1537 2780 1579 2808 n⁰
1602 2772 1689 2808 1034
1719 2772 1828 2816 (Bibl.

434 2838 528 2877 nat„
553 2832 575 2870 f.
600 2832 644 2868 fr.
669 2832 796 2878 10430,
816 2843 851 2879 p.
875 2832 970 2877 ⁶222).
