2060 3345
215 330 314 375 1339]
579 332 784 363 RICHARDI
813 331 940 363 SCOTI
968 328 1234 363 CHRONICON.
1571 324 1614 359 42³

275 410 385 458 427.
415 438 478 446 —
503 410 633 458 Circa
663 410 833 456 festum
869 409 1021 456 Sancti
1048 407 1294 463 Michaelis,
1323 422 1408 454 rex
1431 405 1613 469 Anglie,

207 489 398 536 Francie
423 502 620 551 regnum
641 485 863 532 invadere
883 485 1092 548 cupiens,
1118 482 1420 548 congregavit
1445 482 1618 545 Anglo-

208 582 332 620 rum,
356 564 763 618 Brabantinorum,
786 562 1149 610 Alemannorum
1175 561 1432 608 exercitum
1457 559 1617 622 copio—

208 660 329 690 sum.
358 647 457 691 Rex
484 642 638 703 itaque
664 639 855 688 Francie
879 645 1041 686 contra
1068 639 1222 701 ipsum
1250 637 1373 701 apud
1400 639 1619 685 Sanctum

208 719 475 777 Quintinum
489 719 534 764 in
549 716 849 766 Viromandia
865 732 1002 763 suum
1020 715 1277 763 exercitum
1296 713 1616 778 congregavit,

205 811 316 859 rege
354 801 511 842 tamen
556 793 718 857 Anglie
762 793 893 856 prius
928 792 1155 839 hostiliter
1190 808 1389 856 regnum
1429 789 1619 838 Francie

206 872 497 920 subintrante
521 887 573 918 ac
601 877 784 934 partem
812 886 904 916 non
927 868 1160 916 modicam
1185 867 1429 915 Tereschie
1450 867 1618 914 devas-

205 955 355 1004 tante3
379 964 579 1011 cumque
606 948 650 994 in
676 947 869 1010 populo,
896 963 951 993 eo
972 945 1099 1009 quod
1117 961 1204 992 rex
1227 961 1319 991 non
1344 944 1432 991 sibi
1453 959 1618 991 occur-

204 1032 347 1083 reret,
367 1041 582 1073 murmur
600 1030 646 1071 et
667 1024 936 1071 scandalum
957 1023 1178 1079 oriretur,
1201 1039 1284 1069 rex
1303 1021 1494 1068 Francie
1520 1027 1619 1067 tan-

205 1103 313 1150 dem
350 1103 436 1149 sibi
477 1101 697 1157 occurrit,
731 1100 934 1163 quadam
970 1099 1044 1147 die
1071 1099 1274 1155 veneris,
1309 1098 1352 1145 in
1395 1097 1500 1144 villa
1528 1113 1620 1159 que

205 1179 511 1227 Burenfosse1
534 1178 789 1242 vulgariter
816 1176 1093 1240 appellatur.
1118 1175 1329 1239 Amplius
1356 1174 1497 1238 igitur
1522 1173 1620 1219 bel-

205 1257 302 1304 lum
337 1255 631 1303 dissimulare
673 1254 875 1310 nollens,
919 1270 1048 1300 arma
1091 1252 1293 1315 sumpsit
1327 1258 1373 1297 et
1408 1250 1522 1297 alios
1558 1248 1617 1296 ad

205 1332 509 1396 pugnandum
530 1331 725 1378 viriliter
748 1330 988 1378 animavit.
1019 1333 1074 1377 Et
1095 1346 1202 1376 ecce
1223 1328 1431 1392 quidam,
1463 1327 1619 1374 nescio

206 1427 299 1473 quo
318 1409 485 1473 spiritu
502 1408 646 1464 ducti,
672 1408 892 1456 dixerunt
912 1408 1086 1455 bellum
1106 1425 1197 1454 non
1216 1423 1318 1454 esse
1334 1420 1615 1469 congruum,

205 1494 402 1550 propter
418 1494 620 1550 quatuor
633 1492 912 1542 asserentes,
935 1485 1109 1533 scilicet
1126 1485 1187 1532 ob
1202 1484 1292 1531 diei
1307 1481 1619 1531 reverentiam

204 1564 312 1627 quia
333 1564 432 1611 dies
452 1563 637 1611 veneris
657 1569 774 1619 erat,
796 1562 903 1625 quia
925 1577 1009 1624 per
1030 1561 1236 1624 quinque
1256 1561 1411 1608 leucas
1439 1558 1620 1621 equita-

206 1647 355 1696 verat,
379 1640 486 1703 quia
503 1657 588 1687 nec
607 1640 704 1703 ipse
726 1656 810 1686 nec
830 1639 937 1702 equi
957 1638 1112 1685 cibum
1138 1643 1441 1701 gustaverant
1468 1652 1621 1699 neque

207 1724 388 1782 potum,
419 1718 597 1765 ratione
630 1717 770 1763 etiam
798 1715 1041 1779 cujusdam
1071 1731 1237 1777 passus
1271 1714 1393 1760 inter
1418 1713 1547 1775 ipsos
1574 1717 1621 1758 et

208 1796 418 1843 inimicos
467 1795 604 1858 positi
650 1792 985 1841 difficultatis‘2.
1037 1791 1134 1838 Hiis
1175 1791 1316 1855 igitur
1360 1789 1620 1837 rationibus

207 1873 385 1920 differri
411 1872 584 1920 bellum
610 1887 758 1934 usque
785 1870 831 1916 in
854 1869 1111 1917 crastinum
1137 1867 1441 1915 consulebant
1467 1866 1620 1913 consi-

208 1949 320 1996 liarii
341 1948 577 1996 antedicti.
603 1952 658 1995 Et
674 1948 779 1995 licet
800 1946 1119 2009 acquiesceret
1146 1944 1413 2008 hujusmodi
1440 1959 1621 1990 sermo-

206 2027 340 2074 nibus
357 2043 441 2073 rex
459 2026 648 2081 invitus,
670 2032 826 2072 tamen
852 2024 1052 2070 finaliter
1077 2021 1329 2085 acquievit,
1351 2020 1618 2084 precipiens

207 2103 425 2151 omnibus
447 2110 496 2151 ut
524 2103 570 2149 in
600 2101 855 2149 crastinum
880 2100 940 2148 ad
968 2099 1169 2164 prelium
1200 2103 1498 2162 pararentur,
1531 2113 1621 2159 que

209 2181 366 2228 dilatio
401 2180 502 2244 regi
536 2196 589 2226 ac
623 2179 708 2226 toti
745 2194 890 2242 regno
926 2176 1117 2224 Francie
1150 2176 1302 2223 extitit
1338 2175 1383 2222 in
1418 2174 1617 2229 ruinam,

209 2258 431 2322 quoniam
468 2274 552 2304 rex
583 2256 747 2320 Anglie
776 2254 1032 2318 potentiam
1067 2253 1191 2317 regis
1217 2252 1427 2308 audiens,
1467 2251 1620 2298 media

209 2341 344 2382 nocte
358 2335 516 2399 fugam
531 2333 627 2380 iniit
646 2340 691 2380 et
712 2333 755 2379 in
772 2332 1020 2396 imperium
1037 2348 1085 2378 se
1106 2331 1301 2393 recepit,
1321 2331 1480 2393 sicque
1500 2329 1620 2376 frau-

210 2410 393 2458 dulatus
411 2429 436 2457 a
454 2409 687 2457 desiderio
708 2425 810 2464 suc,
833 2424 917 2454 rex
936 2406 1124 2454 Francie
1139 2407 1378 2469 Philippus
1397 2404 1620 2468 inglorius

211 2487 256 2534 in
282 2487 522 2535 Franciam
547 2486 791 2533 remeavit.

213 2641 432 2677 Guillaume
461 2641 507 2677 dc
534 2640 681 2687 Nangis
708 2645 745 2675 et
775 2650 842 2685 par
876 2638 929 2673 les
965 2639 1126 2675 Grandes
1154 2638 1394 2682 Chroniques,
1424 2636 1520 2672 n'est
1554 2646 1620 2681 pas

215 2700 440 2736 mentionne'
465 2711 533 2747 par
552 2706 661 2735 notre
684 2698 910 2744 chronique.

265 2762 297 2795 l.
322 2760 588 2802 Buironfosse,
611 2760 748 2803 Aisue,
773 2769 847 2793 arr.
871 2757 916 2791 (le
940 2756 1121 2797 vom-ins,
1143 2763 1244 2791 canl.
1269 2756 1313 2790 (lc
1340 2756 1387 2789 La
1411 2753 1576 2800 (lupello.

267 2821 299 2855 2.
325 2820 395 2854 ΜΞ.
419 2821 633 2865 dt'fliculcas.

364 2884 373 2913 l
1460 2874 1476 2906 si
