2060 3345
341 328 406 364 190
765 330 947 362 GERARDl
976 329 1030 359 DE
1058 328 1296 361 FRACHETO.
1621 328 1721 374 [1281

339 411 449 458 Galli
477 409 754 472 vituperium
783 407 1068 455 sustinerent
1098 413 1143 454 et
1177 408 1449 471 dampnum.
1477 412 1589 456 Nam
1619 427 1723 458 cum

336 486 559 534 tumultus
584 500 779 548 magnus
801 483 1002 530 oriretur
1027 489 1073 530 et
1095 483 1320 532 clamores
1343 484 1520 532 validos
1545 486 1725 534 emitte-

335 562 460 609 rent¹
490 559 835 614 Urbeveterani‚
863 564 1061 606 mortem
1085 559 1143 606 ad
1169 561 1361 608 Gallicos
1395 562 1720 617 exclamantes,

334 655 443 701 sepe
467 643 658 684 vocatus
686 642 737 683 ut
765 642 952 700 gentem
985 652 1116 683 suam
1138 637 1412 692 refrenaret,
1440 653 1490 685 se
1520 638 1724 702 fingebat

332 715 566 760 infirmum
592 712 674 760 sed
694 712 891 760 cessavit
907 712 1096 759 tandem
1123 712 1348 760 dissensio
1374 713 1602 775 aliquibus
1619 714 1724 761 hinc

331 790 437 836 inde
464 788 716 836 vulneratis
741 795 787 836 et
815 789 1169 852 quamplurimis
1199 790 1556 837 Urbeveteranis
1583 790 1724 837 inter-

331 866 483 921 fectis,
525 865 583 912 de
627 865 795 912 familia
838 865 962 930 regis
999 882 1092 913 uno
1135 867 1462 913 tantummodo
1506 867 1722 930 garcione

331 942 574 989 moriente.

393 1041 432 1071 0.
453 1051 516 1059 —
533 1022 707 1070 Eodem
725 1039 863 1079 anno,
887 1040 1044 1070 mense
1062 1023 1314 1080 februario,
1336 1023 1474 1086 piscis
1494 1023 1718 1080 marinus,

328 1098 373 1144 in
393 1098 543 1161 effigie
566 1097 727 1153 leonis,
752 1103 932 1159 captus,
956 1097 1080 1160 apud
1101 1098 1273 1146 Urbem
1293 1103 1500 1145 veterem
1523 1098 1601 1146 ubi
1623 1103 1722 1144 erat

328 1191 447 1237 papa
466 1180 513 1221 et
531 1174 657 1221 curia
683 1173 956 1237 deportatus
982 1181 1051 1221 est
1077 1175 1207 1238 cujus
1233 1175 1364 1237 pellis
1390 1175 1552 1238 pilosa,
1578 1174 1721 1237 pedes

326 1251 510 1304 breves,
538 1250 683 1297 cauda
715 1250 911 1305 leonina,
942 1257 1172 1313 caputque
1204 1251 1457 1305 leoninum,
1487 1268 1638 1308 aures,
1668 1269 1721 1299 os

327 1326 463 1372 etiam
485 1326 603 1372 infra
630 1325 794 1372 dentes
821 1332 867 1373 et
887 1325 1090 1390 linguam
1111 1326 1309 1373 babebat
1332 1327 1464 1389 quasi
1490 1327 1578 1381 leo,
1603 1327 1720 1373 refe-

325 1401 516 1448 rebatur
540 1401 693 1464 itaque
719 1402 845 1464 quod
872 1402 917 1448 in
954 1402 1051 1466 ejus
1089 1402 1300 1466 captione
1327 1403 1537 1466 planctus
1570 1403 1720 1449 horri-

325 1478 439 1525 biles
488 1479 704 1525 emiserat
755 1478 912 1541 sicque
962 1478 1093 1526 multi
1143 1479 1405 1542 prenostica
1458 1480 1719 1526 futurorum

325 1556 491 1603 exinde
517 1557 802 1604 asserebant.
833 1560 888 1604 Et
913 1573 1019 1604 ecce
1045 1573 1211 1620 parum
1237 1562 1343 1620 post
1369 1557 1413 1603 in
1440 1574 1585 1621 regno
1612 1557 1720 1605 Sici-

324 1632 380 1679 lie
399 1633 728 1688 Parnomitani,
751 1648 972 1679 succensa
990 1632 1135 1688 rabie,
1158 1632 1350 1680 Gallicos
1373 1632 1452 1695 qui
1472 1632 1720 1679 moraban-

324 1714 401 1755 tur
425 1708 600 1755 ibidem
627 1725 789 1756 omnes
815 1714 910 1755 tam
935 1725 1088 1755 mares
1117 1726 1256 1771 quam
1283 1708 1477 1756 feminas
1504 1725 1555 1755 ac
1584 1726 1718 1756 senes

324 1791 370 1832 et
387 1787 582 1847 juvenes
608 1784 654 1831 in
680 1785 804 1849 regis
829 1789 1146 1848 contemptum
1174 1785 1459 1832 occiderunt..
1490 1789 1561 1842 Et,
1592 1786 1717 1848 quod

323 1860 638 1909 detestabilius
665 1861 766 1919 fuit,
790 1861 908 1909 latus
927 1861 1186 1924 aperientes
1207 1861 1452 1909 mulierum
1473 1862 1717 1909 latinarum

324 1938 650 2001 pregnantium
694 1954 784 2000 que
836 1937 1107 1985 dicebantur
1142 1955 1167 1984 a
1209 1938 1387 1985 Gallicis
1429 1938 1712 2001 concepisse,

323 2019 485 2075 partus
509 2013 779 2060 occidebant
807 2019 1056 2076 antequam
1082 2019 1398 2061 nascerentur.
1422 2014 1595 2061 Deinde
1622 2020 1717 2061 tota

323 2088 471 2135 Sicilia
497 2089 563 2136 sic
588 2088 832 2146 debellata,
862 2092 1048 2136 Petrum
1073 2106 1233 2153 regem
1259 2090 1487 2153 Aragonie
1513 2091 1558 2137 in
1582 2107 1717 2138 suum

322 2164 616 2213 defensorem
641 2181 693 2212 ac
713 2165 952 2213 dominum
980 2171 1280 2213 vocaverunt.

387 2248 432 2294 d.
459 2275 522 2282 —
547 2247 721 2294 Eodem
747 2264 933 2310 quoque
956 2248 1180 2311 temporis
1214 2264 1459 2305 concursu,
1489 2249 1573 2295 fuit
1597 2249 1717 2295 inter

321 2325 553 2370 Romanos
585 2322 812 2369 dissensio
846 2323 1045 2370 maxima
1068 2329 1113 2370 et
1133 2323 1305 2386 paratis
1331 2324 1436 2370 hinc
1466 2323 1573 2371 inde
1598 2324 1715 2370 acie-

323 2400 409 2446 bus
423 2400 533 2455 suis,
550 2415 657 2461 pars
671 2399 944 2447 Ursinorum
960 2400 1189 2447 transtulit
1207 2416 1254 2447 se
1272 2403 1560 2455 Penestrum,
1578 2400 1716 2447 Hani-

323 2475 446 2522 baldi
473 2477 612 2521 vero?
637 2475 878 2523 credentes
901 2493 1006 2522 cum
1032 2475 1097 2522 eis
1123 2476 1293 2524 habere
1316 2476 1484 2523 bellum
1505 2492 1715 2539 campes—

323 2556 410 2608 tre,
432 2551 538 2598 illuc
559 2567 607 2598 se
637 2551 968 2599 transtulerunt
987 2568 1089 2599 cum
1112 2553 1248 2600 Urbis
1268 2552 1439 2600 vicario
1459 2553 1554 2615 qui,
1580 2553 1716 2599 certis

373 2729 403 2763 1.
428 2727 511 2763 Lat.
535 2726 655 2772 50050,
677 2729 897 2762 emitterant.

371 2786 404 2824 2.
428 2787 510 2822 Lat.
533 2786 654 2833 50050,
676 2789 791 2821 tertio.

2046 204 2057 456 »ΜΨ-υ
