<?xml version="1.0" encoding="UTF-8"?>
<!DOCTYPE html PUBLIC "-//W3C//DTD XHTML 1.0 Transitional//EN"
    "http://www.w3.org/TR/xhtml1/DTD/xhtml1-transitional.dtd">
<html xmlns="http://www.w3.org/1999/xhtml" xml:lang="en" lang="en">
 <head>
  <title>
</title>
<meta http-equiv="Content-Type" content="text/html;charset=utf-8" />
  <meta name='ocr-system' content='tesseract 3.04.00' />
  <meta name='ocr-capabilities' content='ocr_page ocr_carea ocr_par ocr_line ocrx_word'/>
</head>
<body>
  <div class='ocr_page' id='page_1' title='image "./chroniquedericha00lescuoft_0193.png"; bbox 0 0 2060 3345; ppageno 0'>
   <div class='ocr_carea' id='block_1_1' title="bbox 293 294 1687 340">
    <p class='ocr_par' dir='ltr' id='par_1_1' title="bbox 293 294 1687 340">
     <span class='ocr_line' id='line_1_1' title="bbox 293 294 1687 340; baseline -0.001 -9"><span class='ocrx_word' id='word_1_1' title='bbox 293 294 396 340; x_wconf 77' lang='lat'>1357]</span> <span class='ocrx_word' id='word_1_2' title='bbox 521 297 726 329; x_wconf 86' lang='lat' dir='ltr'>RICHARDI</span> <span class='ocrx_word' id='word_1_3' title='bbox 754 296 880 328; x_wconf 86' lang='lat' dir='ltr'>SCOTl</span> <span class='ocrx_word' id='word_1_4' title='bbox 909 297 1115 329; x_wconf 89' lang='lat' dir='ltr'><strong>CHRONICI</strong></span> <span class='ocrx_word' id='word_1_5' title='bbox 1144 297 1451 329; x_wconf 82' lang='lat' dir='ltr'>CONTINUATIO.</span> <span class='ocrx_word' id='word_1_6' title='bbox 1623 294 1687 329; x_wconf 68' lang='grc'>’119</span> 
     </span>
    </p>
   </div>
   <div class='ocr_carea' id='block_1_2' title="bbox 279 374 1689 2197">
    <p class='ocr_par' dir='ltr' id='par_1_2' title="bbox 283 374 1689 1642">
     <span class='ocr_line' id='line_1_2' title="bbox 353 374 1689 438; baseline -0.001 -14"><span class='ocrx_word' id='word_1_7' title='bbox 353 378 466 424; x_wconf 69' lang='lat'>265.</span> <span class='ocrx_word' id='word_1_8' title='bbox 496 404 560 411; x_wconf 92' lang='lat'>—</span> <span class='ocrx_word' id='word_1_9' title='bbox 584 379 701 422; x_wconf 88' lang='lat' dir='ltr'>Dum</span> <span class='ocrx_word' id='word_1_10' title='bbox 731 374 921 421; x_wconf 91' lang='lat' dir='ltr'>domine</span> <span class='ocrx_word' id='word_1_11' title='bbox 952 375 1128 438; x_wconf 81' lang='lat' dir='ltr'>regine,</span> <span class='ocrx_word' id='word_1_12' title='bbox 1159 375 1373 422; x_wconf 83' lang='lat' dir='ltr'>Francie1</span> <span class='ocrx_word' id='word_1_13' title='bbox 1410 374 1616 423; x_wconf 87' lang='lat' dir='ltr'>Johanna</span> <span class='ocrx_word' id='word_1_14' title='bbox 1642 382 1689 422; x_wconf 91' lang='lat' dir='ltr'>et</span> 
     </span>
     <span class='ocr_line' id='line_1_3' title="bbox 288 450 1687 514; baseline 0 -16"><span class='ocrx_word' id='word_1_15' title='bbox 288 451 502 507; x_wconf 90' lang='lat' dir='ltr'>Blancha,</span> <span class='ocrx_word' id='word_1_16' title='bbox 528 467 662 498; x_wconf 90' lang='lat' dir='ltr'>soror</span> <span class='ocrx_word' id='word_1_17' title='bbox 685 450 808 514; x_wconf 83' lang='lat' dir='ltr'>regis</span> <span class='ocrx_word' id='word_1_18' title='bbox 835 453 1057 507; x_wconf 86' lang='lat' dir='ltr'>Navarre,</span> <span class='ocrx_word' id='word_1_19' title='bbox 1082 453 1157 498; x_wconf 60' lang='lat' dir='ltr'>ut?</span> <span class='ocrx_word' id='word_1_20' title='bbox 1180 451 1397 498; x_wconf 89' lang='lat' dir='ltr'>dominus</span> <span class='ocrx_word' id='word_1_21' title='bbox 1422 451 1536 508; x_wconf 85' lang='lat' dir='ltr'>dux,</span> <span class='ocrx_word' id='word_1_22' title='bbox 1561 451 1687 514; x_wconf 88' lang='lat' dir='ltr'>quod</span> 
     </span>
     <span class='ocr_line' id='line_1_4' title="bbox 288 527 1684 592; baseline 0 -18"><span class='ocrx_word' id='word_1_23' title='bbox 288 528 376 591; x_wconf 90' lang='lat' dir='ltr'>ipsi</span> <span class='ocrx_word' id='word_1_24' title='bbox 414 528 511 591; x_wconf 83' lang='lat' dir='ltr'>regi</span> <span class='ocrx_word' id='word_1_25' title='bbox 549 531 752 574; x_wconf 88' lang='lat' dir='ltr'>Navarre</span> <span class='ocrx_word' id='word_1_26' title='bbox 796 527 1097 589; x_wconf 78' lang='lat' dir='ltr'>promiserat,</span> <span class='ocrx_word' id='word_1_27' title='bbox 1144 528 1442 591; x_wconf 74' lang='lat' dir='ltr'>adimpleret,</span> <span class='ocrx_word' id='word_1_28' title='bbox 1490 527 1684 592; x_wconf 88' lang='lat' dir='ltr'>[multis]</span> 
     </span>
     <span class='ocr_line' id='line_1_5' title="bbox 289 603 1688 668; baseline 0 -17"><span class='ocrx_word' id='word_1_29' title='bbox 289 604 442 651; x_wconf 89' lang='lat' dir='ltr'>modis</span> <span class='ocrx_word' id='word_1_30' title='bbox 473 604 755 658; x_wconf 72' lang='lat' dir='ltr'>laborarent,</span> <span class='ocrx_word' id='word_1_31' title='bbox 794 603 839 649; x_wconf 90' lang='lat' dir='ltr'>in</span> <span class='ocrx_word' id='word_1_32' title='bbox 875 603 1083 650; x_wconf 86' lang='lat' dir='ltr'>favorem</span> <span class='ocrx_word' id='word_1_33' title='bbox 1116 604 1250 667; x_wconf 75' lang='lat' dir='ltr'>huJ&#39;us</span> <span class='ocrx_word' id='word_1_34' title='bbox 1285 604 1409 668; x_wconf 78' lang='lat' dir='ltr'>regis</span> <span class='ocrx_word' id='word_1_35' title='bbox 1440 604 1688 667; x_wconf 89' lang='lat' dir='ltr'>episcopus</span> 
     </span>
     <span class='ocr_line' id='line_1_6' title="bbox 288 679 1687 728; baseline -0.001 -1"><span class='ocrx_word' id='word_1_36' title='bbox 288 679 604 727; x_wconf 87' lang='lat' dir='ltr'>Laudunensis</span> <span class='ocrx_word' id='word_1_37' title='bbox 634 679 994 728; x_wconf 89' lang='lat' dir='ltr'>Universitatem</span> <span class='ocrx_word' id='word_1_38' title='bbox 1028 680 1085 727; x_wconf 90' lang='lat' dir='ltr'>ad</span> <span class='ocrx_word' id='word_1_39' title='bbox 1120 679 1295 726; x_wconf 90' lang='lat' dir='ltr'>dictum</span> <span class='ocrx_word' id='word_1_40' title='bbox 1333 680 1500 727; x_wconf 88' lang='lat' dir='ltr'>ducem</span> <span class='ocrx_word' id='word_1_41' title='bbox 1540 679 1687 726; x_wconf 90' lang='lat' dir='ltr'>addu-</span> 
     </span>
     <span class='ocr_line' id='line_1_7' title="bbox 288 755 1688 821; baseline -0.001 -17"><span class='ocrx_word' id='word_1_42' title='bbox 288 773 414 813; x_wconf 89' lang='lat' dir='ltr'>cens,</span> <span class='ocrx_word' id='word_1_43' title='bbox 439 773 543 803; x_wconf 88' lang='lat' dir='ltr'>cum</span> <span class='ocrx_word' id='word_1_44' title='bbox 565 773 623 803; x_wconf 83' lang='lat' dir='ltr'>ex</span> <span class='ocrx_word' id='word_1_45' title='bbox 641 772 722 802; x_wconf 90' lang='lat' dir='ltr'>ore</span> <span class='ocrx_word' id='word_1_46' title='bbox 743 755 982 820; x_wconf 89' lang='lat' dir='ltr'>cujusdam</span> <span class='ocrx_word' id='word_1_47' title='bbox 1002 756 1210 819; x_wconf 80' lang='lat' dir='ltr'>magistri</span> <span class='ocrx_word' id='word_1_48' title='bbox 1232 756 1277 802; x_wconf 87' lang='lat' dir='ltr'>in</span> <span class='ocrx_word' id='word_1_49' title='bbox 1296 756 1525 820; x_wconf 82' lang='lat' dir='ltr'>theologia</span> <span class='ocrx_word' id='word_1_50' title='bbox 1552 773 1688 821; x_wconf 81' lang='lat' dir='ltr'>roga-</span> 
     </span>
     <span class='ocr_line' id='line_1_8' title="bbox 285 832 1688 896; baseline 0.001 -17"><span class='ocrx_word' id='word_1_51' title='bbox 285 839 362 880; x_wconf 87' lang='lat' dir='ltr'>tus</span> <span class='ocrx_word' id='word_1_52' title='bbox 404 832 600 879; x_wconf 89' lang='lat' dir='ltr'>multum</span> <span class='ocrx_word' id='word_1_53' title='bbox 644 832 804 879; x_wconf 88' lang='lat' dir='ltr'>fuisset</span> <span class='ocrx_word' id='word_1_54' title='bbox 848 838 898 880; x_wconf 90' lang='lat' dir='ltr'>ut</span> <span class='ocrx_word' id='word_1_55' title='bbox 940 832 1217 895; x_wconf 76' lang='lat' dir='ltr'>adimpleret</span> <span class='ocrx_word' id='word_1_56' title='bbox 1258 833 1514 896; x_wconf 86' lang='lat' dir='ltr'>promissa,</span> <span class='ocrx_word' id='word_1_57' title='bbox 1561 833 1688 880; x_wconf 75' lang='lat' dir='ltr'>afluit</span> 
     </span>
     <span class='ocr_line' id='line_1_9' title="bbox 286 909 1687 973; baseline 0 -17"><span class='ocrx_word' id='word_1_58' title='bbox 286 909 502 971; x_wconf 77' lang='lat' dir='ltr'>quidam3</span> <span class='ocrx_word' id='word_1_59' title='bbox 536 909 651 956; x_wconf 90' lang='lat' dir='ltr'>alius</span> <span class='ocrx_word' id='word_1_60' title='bbox 682 909 904 973; x_wconf 84' lang='lat' dir='ltr'>magister</span> <span class='ocrx_word' id='word_1_61' title='bbox 941 909 983 955; x_wconf 90' lang='lat' dir='ltr'>in</span> <span class='ocrx_word' id='word_1_62' title='bbox 1026 909 1282 972; x_wconf 83' lang='lat' dir='ltr'>theologia,</span> <span class='ocrx_word' id='word_1_63' title='bbox 1327 910 1594 957; x_wconf 89' lang='lat' dir='ltr'>Guillelmus</span> <span class='ocrx_word' id='word_1_64' title='bbox 1630 909 1687 956; x_wconf 91' lang='lat' dir='ltr'>de</span> 
     </span>
     <span class='ocr_line' id='line_1_10' title="bbox 286 985 1688 1049; baseline 0.001 -17"><span class='ocrx_word' id='word_1_65' title='bbox 286 985 437 1033; x_wconf 86' lang='lat' dir='ltr'>Mollio</span> <span class='ocrx_word' id='word_1_66' title='bbox 469 991 678 1041; x_wconf 82' lang='lat' dir='ltr'>vocatus,</span> <span class='ocrx_word' id='word_1_67' title='bbox 716 986 971 1032; x_wconf 90' lang='lat' dir='ltr'>monachus</span> <span class='ocrx_word' id='word_1_68' title='bbox 1006 986 1157 1033; x_wconf 84' lang='lat' dir='ltr'>Sancti</span> <span class='ocrx_word' id='word_1_69' title='bbox 1191 986 1412 1049; x_wconf 85' lang='lat' dir='ltr'>Dyonisii,</span> <span class='ocrx_word' id='word_1_70' title='bbox 1456 987 1551 1048; x_wconf 83' lang='lat' dir='ltr'>qui,</span> <span class='ocrx_word' id='word_1_71' title='bbox 1591 1003 1688 1033; x_wconf 89' lang='lat' dir='ltr'>ser-</span> 
     </span>
     <span class='ocr_line' id='line_1_11' title="bbox 286 1061 1682 1125; baseline 0.001 -18"><span class='ocrx_word' id='word_1_72' title='bbox 286 1077 424 1107; x_wconf 90' lang='lat' dir='ltr'>mone</span> <span class='ocrx_word' id='word_1_73' title='bbox 441 1061 587 1117; x_wconf 86' lang='lat' dir='ltr'>finito,</span> <span class='ocrx_word' id='word_1_74' title='bbox 609 1061 760 1108; x_wconf 86' lang='lat' dir='ltr'>intulit</span> <span class='ocrx_word' id='word_1_75' title='bbox 778 1062 876 1108; x_wconf 88' lang='lat' dir='ltr'>sine</span> <span class='ocrx_word' id='word_1_76' title='bbox 893 1061 1069 1125; x_wconf 87' lang='lat' dir='ltr'>absque</span> <span class='ocrx_word' id='word_1_77' title='bbox 1086 1062 1188 1125; x_wconf 76' lang='lat' dir='ltr'>(sic)</span> <span class='ocrx_word' id='word_1_78' title='bbox 1209 1062 1535 1109; x_wconf 88' lang='lat' dir='ltr'>erubescencie</span> <span class='ocrx_word' id='word_1_79' title='bbox 1552 1063 1654 1109; x_wconf 88' lang='lat' dir='ltr'>velo</span> <span class='ocrx_word' id='word_1_80' title='bbox 1675 1081 1682 1109; x_wconf 95' lang='lat'>:</span> 
     </span>
     <span class='ocr_line' id='line_1_12' title="bbox 291 1136 1689 1201; baseline 0.003 -21"><span class='ocrx_word' id='word_1_81' title='bbox 291 1156 310 1180; x_wconf 66' lang='grc' dir='ltr'>α</span> <span class='ocrx_word' id='word_1_82' title='bbox 330 1136 566 1194; x_wconf 86' lang='lat' dir='ltr'>Quamvis,</span> <span class='ocrx_word' id='word_1_83' title='bbox 592 1136 886 1184; x_wconf 84' lang='lat' dir='ltr'>serenissime</span> <span class='ocrx_word' id='word_1_84' title='bbox 904 1137 1017 1193; x_wconf 87' lang='lat' dir='ltr'>dux,</span> <span class='ocrx_word' id='word_1_85' title='bbox 1043 1138 1115 1184; x_wconf 89' lang='lat' dir='ltr'>hic</span> <span class='ocrx_word' id='word_1_86' title='bbox 1132 1137 1354 1201; x_wconf 81' lang='lat' dir='ltr'>magister</span> <span class='ocrx_word' id='word_1_87' title='bbox 1371 1144 1531 1184; x_wconf 87' lang='lat' dir='ltr'>noster</span> <span class='ocrx_word' id='word_1_88' title='bbox 1548 1155 1689 1185; x_wconf 77' lang='lat' dir='ltr'>vene-</span> 
     </span>
     <span class='ocr_line' id='line_1_13' title="bbox 284 1212 1684 1277; baseline 0.001 -17"><span class='ocrx_word' id='word_1_89' title='bbox 284 1212 458 1260; x_wconf 89' lang='lat' dir='ltr'>randus</span> <span class='ocrx_word' id='word_1_90' title='bbox 478 1213 735 1276; x_wconf 84' lang='lat' dir='ltr'>prudenter</span> <span class='ocrx_word' id='word_1_91' title='bbox 755 1214 1063 1276; x_wconf 86' lang='lat' dir='ltr'>peroraverit,</span> <span class='ocrx_word' id='word_1_92' title='bbox 1090 1231 1180 1260; x_wconf 91' lang='lat' dir='ltr'>non</span> <span class='ocrx_word' id='word_1_93' title='bbox 1204 1220 1356 1260; x_wconf 85' lang='lat' dir='ltr'>tamen</span> <span class='ocrx_word' id='word_1_94' title='bbox 1386 1220 1535 1260; x_wconf 88' lang='lat' dir='ltr'>totum</span> <span class='ocrx_word' id='word_1_95' title='bbox 1558 1214 1684 1277; x_wconf 90' lang='lat' dir='ltr'>quod</span> 
     </span>
     <span class='ocr_line' id='line_1_14' title="bbox 284 1290 1688 1355; baseline 0.001 -19"><span class='ocrx_word' id='word_1_96' title='bbox 284 1290 539 1355; x_wconf 87' lang='lat' dir='ltr'>injunctum</span> <span class='ocrx_word' id='word_1_97' title='bbox 566 1290 714 1337; x_wconf 88' lang='lat' dir='ltr'>fuerat</span> <span class='ocrx_word' id='word_1_98' title='bbox 742 1291 968 1346; x_wconf 86' lang='lat' dir='ltr'>recitavit,</span> <span class='ocrx_word' id='word_1_99' title='bbox 999 1307 1105 1337; x_wconf 86' lang='lat' dir='ltr'>nam</span> <span class='ocrx_word' id='word_1_100' title='bbox 1128 1290 1282 1337; x_wconf 89' lang='lat' dir='ltr'>sciatis</span> <span class='ocrx_word' id='word_1_101' title='bbox 1304 1307 1387 1336; x_wconf 92' lang='lat' dir='ltr'>nos</span> <span class='ocrx_word' id='word_1_102' title='bbox 1405 1290 1688 1338; x_wconf 87' lang='lat' dir='ltr'>deliberasse</span> 
     </span>
     <span class='ocr_line' id='line_1_15' title="bbox 285 1365 1687 1430; baseline 0.002 -19"><span class='ocrx_word' id='word_1_103' title='bbox 285 1365 331 1412; x_wconf 90' lang='lat' dir='ltr'>in</span> <span class='ocrx_word' id='word_1_104' title='bbox 378 1367 610 1413; x_wconf 89' lang='lat' dir='ltr'>communi</span> <span class='ocrx_word' id='word_1_105' title='bbox 661 1367 786 1429; x_wconf 84' lang='lat' dir='ltr'>quod</span> <span class='ocrx_word' id='word_1_106' title='bbox 838 1368 921 1414; x_wconf 88' lang='lat' dir='ltr'>nisi</span> <span class='ocrx_word' id='word_1_107' title='bbox 971 1367 1313 1430; x_wconf 81' lang='lat' dir='ltr'>adimpleantur</span> <span class='ocrx_word' id='word_1_108' title='bbox 1356 1367 1583 1429; x_wconf 90' lang='lat' dir='ltr'>promissa</span> <span class='ocrx_word' id='word_1_109' title='bbox 1630 1384 1687 1414; x_wconf 81' lang='lat' dir='ltr'>ex</span> 
     </span>
     <span class='ocr_line' id='line_1_16' title="bbox 284 1443 1688 1508; baseline 0.002 -20"><span class='ocrx_word' id='word_1_110' title='bbox 284 1448 418 1505; x_wconf 86' lang='lat' dir='ltr'>parte</span> <span class='ocrx_word' id='word_1_111' title='bbox 452 1449 606 1490; x_wconf 82' lang='lat' dir='ltr'>vestra</span> <span class='ocrx_word' id='word_1_112' title='bbox 641 1449 685 1490; x_wconf 86' lang='lat' dir='ltr'>et</span> <span class='ocrx_word' id='word_1_113' title='bbox 717 1444 857 1508; x_wconf 83' lang='lat' dir='ltr'>regis,</span> <span class='ocrx_word' id='word_1_114' title='bbox 888 1451 1196 1491; x_wconf 87' lang='lat' dir='ltr'>rennuantem</span> <span class='ocrx_word' id='word_1_115' title='bbox 1228 1443 1548 1506; x_wconf 87' lang='lat' dir='ltr'>reputabimus</span> <span class='ocrx_word' id='word_1_116' title='bbox 1580 1444 1688 1492; x_wconf 88' lang='lat' dir='ltr'>hos-</span> 
     </span>
     <span class='ocr_line' id='line_1_17' title="bbox 283 1520 1687 1585; baseline 0.001 -19"><span class='ocrx_word' id='word_1_117' title='bbox 283 1525 379 1566; x_wconf 90' lang='lat' dir='ltr'>tem</span> <span class='ocrx_word' id='word_1_118' title='bbox 429 1520 683 1583; x_wconf 89' lang='lat' dir='ltr'>reipublice</span> <span class='ocrx_word' id='word_1_119' title='bbox 728 1528 772 1567; x_wconf 90' lang='lat' dir='ltr'>et</span> <span class='ocrx_word' id='word_1_120' title='bbox 821 1521 980 1585; x_wconf 82' lang='lat' dir='ltr'>regni,</span> <span class='ocrx_word' id='word_1_121' title='bbox 1036 1526 1081 1567; x_wconf 90' lang='lat' dir='ltr'>et</span> <span class='ocrx_word' id='word_1_122' title='bbox 1131 1520 1479 1583; x_wconf 88' lang='lat' dir='ltr'>predicabimus</span> <span class='ocrx_word' id='word_1_123' title='bbox 1527 1527 1687 1568; x_wconf 86' lang='lat' dir='ltr'>contra</span> 
     </span>
     <span class='ocr_line' id='line_1_18' title="bbox 285 1597 494 1642; baseline -0.005 -1"><span class='ocrx_word' id='word_1_124' title='bbox 285 1597 437 1642; x_wconf 71' lang='lat' dir='ltr'>eum4.</span> <span class='ocrx_word' id='word_1_125' title='bbox 474 1616 494 1640; x_wconf 78' lang='lat' dir='ltr'>i&gt;</span> 
     </span>
    </p>

    <p class='ocr_par' dir='ltr' id='par_1_3' title="bbox 279 1672 1687 2197">
     <span class='ocr_line' id='line_1_19' title="bbox 350 1672 1687 1736; baseline 0.001 -17"><span class='ocrx_word' id='word_1_126' title='bbox 350 1672 462 1719; x_wconf 70' lang='lat'><strong>266.</strong></span> <span class='ocrx_word' id='word_1_127' title='bbox 498 1701 561 1708; x_wconf 94' lang='lat'>—</span> <span class='ocrx_word' id='word_1_128' title='bbox 592 1673 657 1720; x_wconf 75' lang='lat' dir='ltr'>De</span> <span class='ocrx_word' id='word_1_129' title='bbox 693 1673 928 1736; x_wconf 76' lang='lat' dir='ltr'>nephanda</span> <span class='ocrx_word' id='word_1_130' title='bbox 963 1674 1132 1720; x_wconf 75' lang='lat' dir='ltr'>scelere</span> <span class='ocrx_word' id='word_1_131' title='bbox 1162 1681 1438 1736; x_wconf 79' lang='lat' dir='ltr'>perpetrato.</span> <span class='ocrx_word' id='word_1_132' title='bbox 1484 1702 1545 1709; x_wconf 89' lang='lat'>—</span> <span class='ocrx_word' id='word_1_133' title='bbox 1586 1676 1687 1720; x_wconf 87' lang='lat' dir='ltr'>Dux</span> 
     </span>
     <span class='ocr_line' id='line_1_20' title="bbox 283 1749 1683 1813; baseline 0.001 -18"><span class='ocrx_word' id='word_1_134' title='bbox 283 1749 455 1812; x_wconf 86' lang='lat' dir='ltr'>itaque,</span> <span class='ocrx_word' id='word_1_135' title='bbox 481 1749 770 1812; x_wconf 89' lang='lat' dir='ltr'>persentiens</span> <span class='ocrx_word' id='word_1_136' title='bbox 792 1749 917 1812; x_wconf 87' lang='lat' dir='ltr'>quod</span> <span class='ocrx_word' id='word_1_137' title='bbox 942 1750 1075 1797; x_wconf 89' lang='lat' dir='ltr'>multi</span> <span class='ocrx_word' id='word_1_138' title='bbox 1099 1750 1196 1813; x_wconf 81' lang='lat' dir='ltr'>regi</span> <span class='ocrx_word' id='word_1_139' title='bbox 1223 1753 1427 1796; x_wconf 87' lang='lat' dir='ltr'>Navarre</span> <span class='ocrx_word' id='word_1_140' title='bbox 1448 1750 1683 1806; x_wconf 85' lang='lat' dir='ltr'>favebant,</span> 
     </span>
     <span class='ocr_line' id='line_1_21' title="bbox 283 1825 1685 1890; baseline 0.001 -18"><span class='ocrx_word' id='word_1_141' title='bbox 283 1825 539 1872; x_wconf 86' lang='lat' dir='ltr'>exercitum</span> <span class='ocrx_word' id='word_1_142' title='bbox 561 1826 656 1889; x_wconf 82' lang='lat' dir='ltr'>jam</span> <span class='ocrx_word' id='word_1_143' title='bbox 683 1833 1018 1890; x_wconf 81' lang='lat' dir='ltr'>congregatum</span> <span class='ocrx_word' id='word_1_144' title='bbox 1045 1826 1166 1873; x_wconf 86' lang='lat' dir='ltr'>circa</span> <span class='ocrx_word' id='word_1_145' title='bbox 1198 1826 1400 1873; x_wconf 86' lang='lat' dir='ltr'>Parisius</span> <span class='ocrx_word' id='word_1_146' title='bbox 1430 1828 1685 1889; x_wconf 88' lang='lat' dir='ltr'>appropin-</span> 
     </span>
     <span class='ocr_line' id='line_1_22' title="bbox 283 1903 1686 1965; baseline 0.001 -17"><span class='ocrx_word' id='word_1_147' title='bbox 283 1918 427 1964; x_wconf 86' lang='lat' dir='ltr'>quare</span> <span class='ocrx_word' id='word_1_148' title='bbox 459 1903 688 1965; x_wconf 85' lang='lat' dir='ltr'>precepit.</span> <span class='ocrx_word' id='word_1_149' title='bbox 721 1903 801 1961; x_wconf 81' lang='lat' dir='ltr'>Qui</span> <span class='ocrx_word' id='word_1_150' title='bbox 830 1919 935 1950; x_wconf 91' lang='lat' dir='ltr'>cum</span> <span class='ocrx_word' id='word_1_151' title='bbox 966 1903 1210 1950; x_wconf 87' lang='lat' dir='ltr'>homicidia</span> <span class='ocrx_word' id='word_1_152' title='bbox 1236 1910 1282 1950; x_wconf 90' lang='lat' dir='ltr'>et</span> <span class='ocrx_word' id='word_1_153' title='bbox 1313 1903 1686 1950; x_wconf 87' lang='lat' dir='ltr'>immunerabilia</span> 
     </span>
     <span class='ocr_line' id='line_1_23' title="bbox 282 1978 1687 2044; baseline 0.002 -20"><span class='ocrx_word' id='word_1_154' title='bbox 282 1978 454 2025; x_wconf 88' lang='lat' dir='ltr'>scelera</span> <span class='ocrx_word' id='word_1_155' title='bbox 472 1985 783 2041; x_wconf 88' lang='lat' dir='ltr'>perpetraret,</span> <span class='ocrx_word' id='word_1_156' title='bbox 808 1979 1075 2042; x_wconf 87' lang='lat' dir='ltr'>prepositus</span> <span class='ocrx_word' id='word_1_157' title='bbox 1096 1986 1142 2027; x_wconf 89' lang='lat' dir='ltr'>et</span> <span class='ocrx_word' id='word_1_158' title='bbox 1163 1980 1230 2027; x_wconf 91' lang='lat' dir='ltr'>sui</span> <span class='ocrx_word' id='word_1_159' title='bbox 1248 1980 1498 2044; x_wconf 88' lang='lat' dir='ltr'>complices</span> <span class='ocrx_word' id='word_1_160' title='bbox 1519 1981 1687 2027; x_wconf 90' lang='lat' dir='ltr'>ducem</span> 
     </span>
     <span class='ocr_line' id='line_1_24' title="bbox 279 2055 1686 2120; baseline 0.003 -20"><span class='ocrx_word' id='word_1_161' title='bbox 279 2055 454 2118; x_wconf 90' lang='lat' dir='ltr'>pluries</span> <span class='ocrx_word' id='word_1_162' title='bbox 480 2064 762 2119; x_wconf 82' lang='lat' dir='ltr'>rogaverunt</span> <span class='ocrx_word' id='word_1_163' title='bbox 785 2062 835 2103; x_wconf 86' lang='lat' dir='ltr'>ut</span> <span class='ocrx_word' id='word_1_164' title='bbox 860 2056 923 2103; x_wconf 90' lang='lat' dir='ltr'>ibi</span> <span class='ocrx_word' id='word_1_165' title='bbox 948 2057 1210 2104; x_wconf 89' lang='lat' dir='ltr'>remedium</span> <span class='ocrx_word' id='word_1_166' title='bbox 1236 2063 1497 2120; x_wconf 88' lang='lat' dir='ltr'>apponeret</span> <span class='ocrx_word' id='word_1_167' title='bbox 1517 2064 1559 2104; x_wconf 89' lang='lat' dir='ltr'>et</span> <span class='ocrx_word' id='word_1_168' title='bbox 1584 2063 1686 2104; x_wconf 89' lang='lat' dir='ltr'>tan—</span> 
     </span>
     <span class='ocr_line' id='line_1_25' title="bbox 281 2130 1686 2197; baseline 0.001 -20"><span class='ocrx_word' id='word_1_169' title='bbox 281 2130 389 2177; x_wconf 90' lang='lat' dir='ltr'>dem</span> <span class='ocrx_word' id='word_1_170' title='bbox 420 2136 581 2178; x_wconf 90' lang='lat' dir='ltr'>mutuo</span> <span class='ocrx_word' id='word_1_171' title='bbox 614 2131 858 2179; x_wconf 90' lang='lat' dir='ltr'>consilium</span> <span class='ocrx_word' id='word_1_172' title='bbox 891 2132 1119 2189; x_wconf 81' lang='lat' dir='ltr'>ineuntes,</span> <span class='ocrx_word' id='word_1_173' title='bbox 1152 2133 1479 2181; x_wconf 90' lang='lat' dir='ltr'>concluserunt</span> <span class='ocrx_word' id='word_1_174' title='bbox 1509 2141 1555 2180; x_wconf 87' lang='lat' dir='ltr'>ut</span> <span class='ocrx_word' id='word_1_175' title='bbox 1583 2134 1686 2197; x_wconf 88' lang='lat' dir='ltr'>qui-</span> 
     </span>
    </p>
   </div>
   <div class='ocr_carea' id='block_1_3' title="bbox 281 2259 1685 2836">
    <p class='ocr_par' dir='ltr' id='par_1_4' title="bbox 331 2259 656 2295">
     <span class='ocr_line' id='line_1_26' title="bbox 331 2259 656 2295; baseline 0.003 -1"><span class='ocrx_word' id='word_1_176' title='bbox 331 2260 364 2295; x_wconf 84' lang='lat'>1.</span> <span class='ocrx_word' id='word_1_177' title='bbox 386 2259 459 2295; x_wconf 88' lang='lat' dir='ltr'>Ms.</span> <span class='ocrx_word' id='word_1_178' title='bbox 483 2261 656 2295; x_wconf 78' lang='lat' dir='ltr'>Francia.</span> 
     </span>
    </p>

    <p class='ocr_par' dir='ltr' id='par_1_5' title="bbox 329 2317 527 2354">
     <span class='ocr_line' id='line_1_27' title="bbox 329 2317 527 2354; baseline -0.005 0"><span class='ocrx_word' id='word_1_179' title='bbox 329 2318 364 2354; x_wconf 71' lang='grc'>2.</span> <span class='ocrx_word' id='word_1_180' title='bbox 389 2317 458 2353; x_wconf 79' lang='lat' dir='ltr'>Ms.</span> <span class='ocrx_word' id='word_1_181' title='bbox 482 2322 527 2353; x_wconf 77' lang='lat' dir='ltr'>et.</span> 
     </span>
    </p>

    <p class='ocr_par' dir='ltr' id='par_1_6' title="bbox 330 2376 642 2420">
     <span class='ocr_line' id='line_1_28' title="bbox 330 2376 642 2420; baseline -0.003 -8"><span class='ocrx_word' id='word_1_182' title='bbox 330 2376 363 2412; x_wconf 86' lang='lat'>3.</span> <span class='ocrx_word' id='word_1_183' title='bbox 388 2376 458 2411; x_wconf 88' lang='lat' dir='ltr'>Ms.</span> <span class='ocrx_word' id='word_1_184' title='bbox 483 2378 642 2420; x_wconf 74' lang='lat' dir='ltr'>quidem.</span> 
     </span>
    </p>

    <p class='ocr_par' dir='ltr' id='par_1_7' title="bbox 281 2435 1685 2836">
     <span class='ocr_line' id='line_1_29' title="bbox 328 2435 1684 2484; baseline 0.003 -15"><span class='ocrx_word' id='word_1_185' title='bbox 328 2435 362 2470; x_wconf 86' lang='lat'>4.</span> <span class='ocrx_word' id='word_1_186' title='bbox 388 2435 460 2470; x_wconf 84' lang='lat' dir='ltr'>Les</span> <span class='ocrx_word' id='word_1_187' title='bbox 481 2436 642 2472; x_wconf 78' lang='lat' dir='ltr'>Grandes</span> <span class='ocrx_word' id='word_1_188' title='bbox 665 2435 890 2479; x_wconf 74' lang='lat' dir='ltr'>Chroni&#39;qaes</span> <span class='ocrx_word' id='word_1_189' title='bbox 913 2441 951 2479; x_wconf 82' lang='lat' dir='ltr'>(t.</span> <span class='ocrx_word' id='word_1_190' title='bbox 968 2435 1035 2481; x_wconf 85' lang='lat' dir='ltr'>VI,</span> <span class='ocrx_word' id='word_1_191' title='bbox 1051 2447 1085 2482; x_wconf 88' lang='lat' dir='ltr'>p.</span> <span class='ocrx_word' id='word_1_192' title='bbox 1109 2436 1166 2479; x_wconf 78' lang='lat'>85)</span> <span class='ocrx_word' id='word_1_193' title='bbox 1192 2448 1238 2473; x_wconf 85' lang='lat' dir='ltr'>ne</span> <span class='ocrx_word' id='word_1_194' title='bbox 1258 2437 1430 2474; x_wconf 87' lang='lat' dir='ltr'>donnent</span> <span class='ocrx_word' id='word_1_195' title='bbox 1453 2450 1517 2484; x_wconf 80' lang='lat' dir='ltr'>pas</span> <span class='ocrx_word' id='word_1_196' title='bbox 1540 2439 1573 2474; x_wconf 86' lang='lat' dir='ltr'>le</span> <span class='ocrx_word' id='word_1_197' title='bbox 1596 2450 1684 2475; x_wconf 82' lang='lat' dir='ltr'>noui</span> 
     </span>
     <span class='ocr_line' id='line_1_30' title="bbox 281 2492 1684 2542; baseline 0.004 -14"><span class='ocrx_word' id='word_1_198' title='bbox 281 2492 326 2529; x_wconf 85' lang='lat' dir='ltr'>de</span> <span class='ocrx_word' id='word_1_199' title='bbox 353 2503 394 2528; x_wconf 88' lang='lat' dir='ltr'>ce</span> <span class='ocrx_word' id='word_1_200' title='bbox 422 2493 549 2528; x_wconf 86' lang='lat' dir='ltr'>moine</span> <span class='ocrx_word' id='word_1_201' title='bbox 576 2493 620 2529; x_wconf 84' lang='lat' dir='ltr'>de</span> <span class='ocrx_word' id='word_1_202' title='bbox 650 2493 919 2536; x_wconf 79' lang='lat' dir='ltr'>Saint-Dcnis,</span> <span class='ocrx_word' id='word_1_203' title='bbox 944 2494 1041 2529; x_wconf 84' lang='lat' dir='ltr'>mais</span> <span class='ocrx_word' id='word_1_204' title='bbox 1071 2494 1198 2531; x_wconf 82' lang='lat' dir='ltr'>disent</span> <span class='ocrx_word' id='word_1_205' title='bbox 1227 2496 1317 2542; x_wconf 88' lang='lat' dir='ltr'>qu’il</span> <span class='ocrx_word' id='word_1_206' title='bbox 1349 2497 1439 2532; x_wconf 72' lang='lat' dir='ltr'>etait</span> <span class='ocrx_word' id='word_1_207' title='bbox 1472 2498 1610 2533; x_wconf 67' lang='lat' dir='ltr'>inaure</span> <span class='ocrx_word' id='word_1_208' title='bbox 1636 2508 1684 2533; x_wconf 85' lang='lat' dir='ltr'>eu</span> 
     </span>
     <span class='ocr_line' id='line_1_31' title="bbox 281 2551 1685 2598; baseline 0.004 -13"><span class='ocrx_word' id='word_1_209' title='bbox 281 2551 470 2597; x_wconf 75' lang='lat' dir='ltr'>theologie</span> <span class='ocrx_word' id='word_1_210' title='bbox 501 2557 538 2586; x_wconf 86' lang='lat' dir='ltr'>et</span> <span class='ocrx_word' id='word_1_211' title='bbox 567 2552 695 2598; x_wconf 83' lang='lat' dir='ltr'>prieur</span> <span class='ocrx_word' id='word_1_212' title='bbox 724 2552 950 2588; x_wconf 82' lang='lat' dir='ltr'>d‘Essoune.</span> <span class='ocrx_word' id='word_1_213' title='bbox 981 2552 1030 2587; x_wconf 82' lang='lat' dir='ltr'>Le</span> <span class='ocrx_word' id='word_1_214' title='bbox 1061 2554 1104 2589; x_wconf 72' lang='lat'>‘28</span> <span class='ocrx_word' id='word_1_215' title='bbox 1134 2554 1228 2589; x_wconf 83' lang='lat' dir='ltr'>avril</span> <span class='ocrx_word' id='word_1_216' title='bbox 1265 2555 1365 2598; x_wconf 71' lang='lat'>1:357,</span> <span class='ocrx_word' id='word_1_217' title='bbox 1393 2555 1418 2590; x_wconf 82' lang='lat' dir='ltr'>il</span> <span class='ocrx_word' id='word_1_218' title='bbox 1449 2556 1685 2592; x_wconf 58' lang='lat' dir='ltr'>interven-iit</span> 
     </span>
     <span class='ocr_line' id='line_1_32' title="bbox 282 2610 1683 2660; baseline 0.004 -16"><span class='ocrx_word' id='word_1_219' title='bbox 282 2621 376 2645; x_wconf 82' lang='lat' dir='ltr'>avec</span> <span class='ocrx_word' id='word_1_220' title='bbox 396 2610 585 2656; x_wconf 82' lang='lat' dir='ltr'>plusieurs</span> <span class='ocrx_word' id='word_1_221' title='bbox 607 2616 735 2646; x_wconf 73' lang='lat' dir='ltr'>autres</span> <span class='ocrx_word' id='word_1_222' title='bbox 758 2611 912 2647; x_wconf 60' lang='lat' dir='ltr'>mauros</span> <span class='ocrx_word' id='word_1_223' title='bbox 933 2611 978 2646; x_wconf 81' lang='lat' dir='ltr'>(le</span> <span class='ocrx_word' id='word_1_224' title='bbox 1001 2611 1248 2648; x_wconf 71' lang='lat' dir='ltr'>l’Universite</span> <span class='ocrx_word' id='word_1_225' title='bbox 1270 2613 1313 2648; x_wconf 82' lang='lat' dir='ltr'>dc</span> <span class='ocrx_word' id='word_1_226' title='bbox 1333 2614 1440 2649; x_wconf 72' lang='lat' dir='ltr'>Paris</span> <span class='ocrx_word' id='word_1_227' title='bbox 1462 2617 1598 2660; x_wconf 63' lang='lat' dir='ltr'>aiuprcs</span> <span class='ocrx_word' id='word_1_228' title='bbox 1619 2615 1683 2650; x_wconf 59' lang='lat' dir='ltr'>ilos</span> 
     </span>
     <span class='ocr_line' id='line_1_33' title="bbox 283 2668 1682 2715; baseline 0.004 -11"><span class='ocrx_word' id='word_1_229' title='bbox 283 2668 492 2704; x_wconf 80' lang='lat' dir='ltr'>clianoines</span> <span class='ocrx_word' id='word_1_230' title='bbox 522 2669 567 2704; x_wconf 88' lang='lat' dir='ltr'>de</span> <span class='ocrx_word' id='word_1_231' title='bbox 589 2669 854 2705; x_wconf 76' lang='lat' dir='ltr'>Notre-Danio</span> <span class='ocrx_word' id='word_1_232' title='bbox 883 2681 977 2715; x_wconf 85' lang='lat' dir='ltr'>pour</span> <span class='ocrx_word' id='word_1_233' title='bbox 997 2669 1147 2705; x_wconf 84' lang='lat' dir='ltr'>obtenir</span> <span class='ocrx_word' id='word_1_234' title='bbox 1167 2670 1202 2706; x_wconf 73' lang='lat' dir='ltr'>la</span> <span class='ocrx_word' id='word_1_235' title='bbox 1229 2672 1324 2707; x_wconf 76' lang='lat' dir='ltr'>mise</span> <span class='ocrx_word' id='word_1_236' title='bbox 1354 2684 1401 2707; x_wconf 75' lang='lat'>011</span> <span class='ocrx_word' id='word_1_237' title='bbox 1434 2672 1565 2708; x_wconf 57' lang='lat' dir='ltr'>liberto</span> <span class='ocrx_word' id='word_1_238' title='bbox 1595 2674 1682 2709; x_wconf 69' lang='lat' dir='ltr'>il&#39;uu</span> 
     </span>
     <span class='ocr_line' id='line_1_34' title="bbox 283 2725 1681 2778; baseline 0.004 -16"><span class='ocrx_word' id='word_1_239' title='bbox 283 2725 422 2762; x_wconf 73' lang='lat' dir='ltr'>ecolier</span> <span class='ocrx_word' id='word_1_240' title='bbox 454 2726 498 2763; x_wconf 86' lang='lat' dir='ltr'>de</span> <span class='ocrx_word' id='word_1_241' title='bbox 537 2727 787 2764; x_wconf 79' lang='lat' dir='ltr'>l&#39;Universite</span> <span class='ocrx_word' id='word_1_242' title='bbox 826 2727 965 2763; x_wconf 64' lang='lat' dir='ltr'>detenu</span> <span class='ocrx_word' id='word_1_243' title='bbox 1005 2727 1100 2764; x_wconf 77' lang='lat' dir='ltr'>dans</span> <span class='ocrx_word' id='word_1_244' title='bbox 1140 2729 1194 2764; x_wconf 85' lang='lat' dir='ltr'>les</span> <span class='ocrx_word' id='word_1_245' title='bbox 1233 2730 1384 2776; x_wconf 81' lang='lat' dir='ltr'>priscus</span> <span class='ocrx_word' id='word_1_246' title='bbox 1422 2731 1469 2766; x_wconf 73' lang='lat' dir='ltr'>‹lu</span> <span class='ocrx_word' id='word_1_247' title='bbox 1512 2732 1681 2778; x_wconf 72' lang='lat' dir='ltr'>chapitm</span> 
     </span>
     <span class='ocr_line' id='line_1_35' title="bbox 286 2778 1680 2836; baseline 0.006 -17"><span class='ocrx_word' id='word_1_248' title='bbox 286 2784 449 2826; x_wconf 86' lang='lat' dir='ltr'>(Denisse</span> <span class='ocrx_word' id='word_1_249' title='bbox 471 2790 509 2821; x_wconf 79' lang='lat' dir='ltr'>et</span> <span class='ocrx_word' id='word_1_250' title='bbox 529 2786 745 2830; x_wconf 67' lang='lat' dir='ltr'>Chatelain,</span> <span class='ocrx_word' id='word_1_251' title='bbox 771 2787 938 2822; x_wconf 71' lang='lat' dir='ltr'>Charml.</span> <span class='ocrx_word' id='word_1_252' title='bbox 961 2788 1061 2822; x_wconf 71' lang='lat' dir='ltr'>[lizia.</span> <span class='ocrx_word' id='word_1_253' title='bbox 1080 2790 1212 2829; x_wconf 67' lang='lat' dir='ltr'>Paris„</span> <span class='ocrx_word' id='word_1_254' title='bbox 1232 2794 1257 2824; x_wconf 84' lang='lat' dir='ltr'>t.</span> <span class='ocrx_word' id='word_1_255' title='bbox 1275 2789 1346 2833; x_wconf 88' lang='lat' dir='ltr'>III,</span> <span class='ocrx_word' id='word_1_256' title='bbox 1367 2801 1401 2835; x_wconf 88' lang='lat' dir='ltr'>p.</span> <span class='ocrx_word' id='word_1_257' title='bbox 1425 2778 1484 2836; x_wconf 78' lang='lat'>43,</span> <span class='ocrx_word' id='word_1_258' title='bbox 1506 2799 1548 2825; x_wconf 78' lang='lat'>110</span> <span class='ocrx_word' id='word_1_259' title='bbox 1568 2791 1680 2827; x_wconf 63' lang='lat'>1232).</span> 
     </span>
    </p>
   </div>
  </div>
 </body>
</html>
