2060 3345
400 343 419 377 8
772 342 975 375 RICHARDI
1004 340 1129 373 SCOTI
1158 339 1421 373 CHRONICON.
1687 337 1790 384 [1328

399 431 582 489 potens,
614 423 775 472 unicus
802 421 921 468 filius
949 420 1141 467 Roberti
1161 420 1308 468 Sicilie
1328 419 1451 484 regis
1475 419 1688 476 moritur,
1713 421 1790 482 qui

397 503 546 550 fuerat
580 501 624 547 in
654 498 795 546 Ytalia
830 497 969 545 totius
1002 497 1147 561 partis
1182 498 1340 545 Guelfe
1373 497 1639 560 capitaneus
1664 497 1792 560 prin-

397 579 572 643 cipalis.

462 664 478 707 ¹l
495 663 585 706 l-c.
610 685 673 693 —-
692 659 845 704 Mense
866 655 1119 720 septembri
1140 655 1225 703 fuit
1250 656 1294 702 in
1320 654 1459 702 Ytalia
1486 660 1611 701 terre
1638 661 1792 704 motus

395 736 513 783 circa
532 733 764 780 civitatem
779 732 953 780 Perusii
973 731 1035 779 ita
1057 738 1107 779 ut
1127 731 1326 794 quedam
1348 731 1571 787 funditus,
1591 731 1792 794 quedam

392 827 482 875 pro
506 814 639 873 parte
666 814 816 856 castra
843 813 1132 856 corruerent.
1158 806 1288 855 Unde
1314 806 1360 853 in
1388 806 1577 853 Francia
1603 806 1649 853 in
1676 807 1793 871 vigi-

393 888 451 935 lia
470 885 593 934 beati
613 884 816 949 Dyonisii
842 890 888 932 et
914 884 1051 932 etiam
1076 883 1347 931 octabarum
1367 883 1491 930 venti
1516 883 1792 946 permaximi

393 964 577 1010 fuerunt
609 962 671 1009 ita
703 967 754 1008 ut
786 967 1024 1008 corrueret
1056 960 1353 1024 pinnaculum
1389 960 1541 1007 Sancti
1574 960 1694 1007 Petri
1733 960 1791 1007 de

392 1039 710 1088 Calvo-Monte
736 1038 781 1084 in
807 1037 1045 1085 territorio
1066 1037 1364 1087 Vulcassini1.

459 1123 536 1170 42.
565 1148 629 1155 —
660 1123 755 1166 Hoc
790 1135 913 1166 anno
945 1119 1063 1166 clam
1096 1125 1142 1166 et
1169 1119 1226 1165 de
1254 1124 1387 1166 nocte
1413 1118 1563 1165 littere
1590 1117 1792 1181 quedam

391 1203 551 1260 aperte
571 1196 617 1243 in
634 1195 781 1242 valvis
805 1194 1101 1242 ecclesiarum
1120 1198 1257 1242 Beate
1279 1195 1416 1242 Marie
1443 1194 1791 1241 Predicatorum

391 1280 438 1321 et
456 1273 685 1322 Minorum
703 1272 905 1318 Parisius
923 1277 1031 1318 sunt
1056 1272 1193 1318 affixe
1213 1287 1271 1317 ex
1291 1277 1422 1334 parte
1446 1271 1651 1326 Barvari,
1675 1271 1792 1317 anti-

390 1367 528 1413 pape,
570 1349 727 1396 fratris
767 1349 906 1395 etiam
944 1348 1173 1396 Michaelis
1213 1348 1428 1410 superius
1466 1348 1706 1403 nominati,
1746 1348 1791 1394 in

390 1426 558 1489 quibus
576 1440 811 1472 summum
830 1424 1097 1487 pontificem
1114 1428 1136 1471 J
1141 1425 1372 1471 ohannem
1390 1424 1645 1471 hereticum
1665 1440 1792 1470 asse-

389 1501 554 1548 rebant
579 1502 638 1548 ab
663 1501 946 1563 ecclesiaque
968 1500 1218 1563 precisum,
1240 1500 1441 1548 maxime
1463 1500 1570 1563 quia
1591 1516 1793 1564 pauper-

390 1584 531 1625 tatem
551 1578 864 1642 evangelicam
885 1577 1126 1625 destruere
1148 1577 1396 1632 nitebatur,
1420 1583 1466 1624 et
1486 1576 1547 1624 ob
1568 1578 1656 1624 hoc
1681 1593 1791 1623 con-

389 1655 617 1702 vocabant
630 1655 676 1701 in
692 1654 875 1701 civitate
889 1654 1215 1702 Mediolanensi
1231 1670 1315 1716 per
1329 1654 1504 1701 dictum
1521 1654 1789 1716 antipapam

389 1731 630 1779 consilium
671 1731 902 1795 generale.
944 1731 1176 1787 Quasdam
1216 1730 1354 1777 etiam
1396 1730 1573 1776 litteras
1615 1729 1792 1776 clausas

388 1809 612 1872 episcopo
660 1807 904 1855 Parisiensi
954 1814 999 1854 et
1042 1807 1335 1856 Universitati
1381 1806 1626 1853 mittebant
1674 1822 1791 1868 quas

390 1884 527 1931 etiam
555 1890 601 1930 et
629 1883 807 1931 clausas
837 1898 1020 1930 summo
1050 1882 1257 1929 Pontifici
1288 1881 1589 1938 remiserunt,
1623 1897 1791 1944 expec-

387 1965 539 2007 tantes
564 1959 676 2022 quid
704 1976 845 2023 super
870 1959 958 2005 hoc
984 1958 1176 2006 duceret
1203 1957 1561 2005 ordinaiidum2.

455 2042 586 2089 43-d.
613 2069 675 2078 —
709 2041 947 2104 Philippus
973 2058 1056 2088 rex
1088 2041 1276 2088 Francie
1309 2040 1494 2087 rediens
1526 2057 1551 2086 a
1579 2039 1792 2088 Flandria

388 2121 604 2166 Sanctum
641 2117 912 2181 Dyonisium
950 2123 1199 2180 patronum
1242 2132 1377 2164 suum
1418 2116 1585 2163 devote
1630 2115 1792 2179 primi-

388 2200 463 2242 tus
506 2193 735 2250 visitavit,
777 2193 1095 2256 vexillumque
1146 2193 1271 2256 quod
1321 2193 1379 2239 ab
1424 2192 1614 2241 ecclesia
1664 2208 1791 2239 rece-

388 2276 522 2334 perat
561 2270 766 2318 reddidit
807 2286 912 2317 cum
954 2270 1123 2334 gaudio
1166 2286 1308 2333 super
1346 2270 1489 2316 altare
1530 2274 1790 2332 martyrum

437 2452 470 2487 1.
493 2450 548 2486 La
568 2450 836 2487 continuation
856 2450 902 2486 de
923 2450 1144 2486 Guillaume
1164 2449 1207 2485 de
1229 2449 1378 2495 Nangis
1407 2453 1513 2495 porte
1539 2461 1546 2483 ε
1572 2462 1586 2482 «
1610 2449 1649 2484 in
1677 2449 1791 2484 terri-

388 2509 485 2547 torio
506 2509 723 2557 Balgassini
742 2523 756 2543 »
781 2512 819 2554 (t.
843 2509 894 2556 ΙΙ,
915 2521 951 2556 p.
975 2509 1050 2554 96);
1077 2522 1091 2542 <t
1115 2519 1164 2545 en
1186 2507 1433 2555 Vauquessin
1450 2521 1465 2541 ›>
1484 2509 1657 2553 (Grandes
1680 2509 1787 2544 Chro-

390 2571 531 2614 niques,
554 2574 582 2605 t.
607 2569 656 2614 V,
677 2580 715 2615 p.
739 2567 833 2612 320).

437 2633 471 2669 ⁶2.
493 2632 547 2668 Le
569 2632 610 2669 13
628 2632 753 2679 juillet
775 2633 878 2678 1329,
900 2632 934 2668 le
955 2643 1050 2679 pape
1071 2632 1241 2669 accusait
1262 2631 1457 2678 reception
1478 2631 1500 2666 a
1522 2631 1692 2678 l'eveque
1713 2636 1750 2667 et
1770 2631 1792 2666 a

391 2690 638 2728 l'Universite
666 2690 712 2726 de
739 2690 847 2726 Paris
873 2690 918 2726 de
941 2691 1131 2727 certaines
1153 2691 1284 2726 lettres
1306 2691 1428 2726 closes
1449 2690 1513 2736 qui
1533 2691 1616 2725 leur
1636 2690 1790 2726 avaient

392 2750 450 2785 ete
472 2749 668 2786 adressees
688 2753 726 2784 et
745 2748 856 2795 qu'ils
876 2748 929 2784 lui
951 2748 1102 2784 avaient
1124 2750 1315 2796 cnvoyees
1331 2748 1495 2793 (Denisse
1516 2753 1553 2784 et
1571 2748 1786 2790 Chatelain„

395 2809 560 2844 Chartul.
586 2810 745 2845 Univers.
769 2809 906 2854 Paria,
928 2812 954 2842 t.
978 2807 1029 2853 II,
1051 2819 1086 2853 p.
1111 2808 1191 2853 330,
1214 2814 1252 2842 11⁰
1274 2807 1366 2848 895).
