2060 3345
376 335 419 370 78
607 336 813 369 RICHARDI
843 335 968 367 SGOTl
997 334 1203 367 GHRONICI
1232 333 1539 366 GONTINUATIO.
1663 331 1766 377 [1347

366 416 541 480 pluries
566 415 827 470 invasisset,
852 413 991 477 jussit
1015 413 1061 460 in
1087 413 1281 461 circuitu
1309 413 1615 460 instrumenta
1641 413 1767 459 obsi-

367 492 565 539 dionalia
584 491 752 537 elevari
773 489 851 552 qui
874 489 990 536 hanc
1013 490 1296 537 incessanter
1316 489 1628 544 destruerent,
1652 489 1767 551 lapi-

366 568 448 615 dcs
474 572 808 614 trescentarum
830 566 1053 613 librarum
1074 566 1295 630 ponderis
1310 564 1541 629 jaciendO.
1563 567 1680 611 Dum
1703 566 1770 612 sic

365 644 586 690 machinis
608 642 890 706 jaculatoriis
916 644 1034 690 muri
1061 642 1385 690 concutiuntur
1410 658 1496 704 per
1521 641 1763 698 ambitum,

364 719 566 781 quadam
601 718 700 775 die,
741 719 834 766 ictu
869 719 1036 782 lapidis
1072 735 1254 766 camera
1291 718 1515 782 capitanei
1554 718 1767 766 Richardi

364 795 534 842 scilicet
560 794 618 842 de
645 795 926 842 Contesson1
954 795 1033 843 ubi
1064 811 1184 843 uxor
1210 812 1292 842 sua
1324 794 1382 842 de
1417 811 1541 842 novo
1573 800 1768 858 peperat

363 871 462 918 solo
482 876 617 918 tenus
636 871 754 934 pro2
774 876 906 934 parte
924 887 1090 935 magna
1111 871 1303 928 corruit,
1327 887 1421 933 quo
1441 887 1549 918 casu
1569 870 1768 918 feminea

365 947 468 1011 (sic)
497 954 680 994 terrore
713 948 961 1011 perterrita
1002 948 1157 995 virum
1188 947 1363 1011 pluries
1402 947 1604 1011 rogavit,
1645 946 1767 994 frus-

361 1030 434 1071 tra
469 1029 644 1080 tamen,
682 1029 734 1071 ut
766 1030 970 1072 castrum
1005 1024 1241 1072 redderet.
1272 1024 1483 1072 Assultus
1511 1023 1766 1071 cotidianos

361 1106 570 1164 agrestes
591 1100 735 1156 88018,
766 1100 845 1163 qui
865 1101 1129 1163 huscusque
1155 1100 1357 1164 Anglicis
1379 1099 1653 1147 obedierant
1679 1100 1765 1147 sub

361 1183 496 1240 pastu
519 1193 690 1232 annuo,
718 1176 975 1234 audientes,
1006 1176 1112 1224 illuc
1132 1177 1176 1223 in
1204 1193 1371 1241 magna
1399 1176 1531 1239 copia
1551 1176 1765 1224 adierunt

361 1255 445 1300 ac3
485 1253 746 1317 oppidanos
784 1259 1037 1318 coegerunt
1073 1252 1359 1300 deditionem
1402 1269 1595 1317 rogare,
1639 1253 1766 1299 salva

360 1330 470 1386 vita,
501 1346 642 1392 quam
671 1329 868 1376 Karolus
900 1335 1060 1376 contra
1094 1329 1396 1392 oppinionem
1428 1346 1619 1377 suorum
1647 1329 1766 1375 mili-

362 1411 490 1462 tum,
532 1406 805 1470 denegavit,
846 1406 929 1453 sed
966 1406 1059 1453 cito
1097 1411 1205 1468 post
1244 1405 1567 1469 experimento
1607 1405 1767 1452 didicit

361 1499 500 1546 quam
528 1483 721 1530 stultum
741 1483 801 1530 sit
819 1499 1043 1547 respuere
1066 1498 1157 1545 que
1181 1482 1308 1545 pacis
1334 1487 1457 1529 sunt.
1483 1485 1596 1529 Nam
1618 1481 1767 1528 domi-

362 1576 448 1607 nus
485 1560 683 1606 Thomas
718 1559 982 1623 Dagorne4,
1016 1557 1219 1622 Anglicis
1260 1558 1354 1605 suis
1397 1557 1588 1621 cupiens
1627 1573 1766 1620 opem

408 1689 438 1724 1.
463 1687 496 1723 Il
515 1688 624 1734 s'agit
644 1687 694 1724 ici
715 1687 760 1724 de
781 1687 948 1724 Richard
969 1686 1014 1723 de
1033 1687 1257 1732 Totesham,
1280 1685 1470 1733 capitaine
1489 1685 1534 1721 de
1557 1686 1593 1720 la
1613 1685 1765 1721 Roche-

360 1747 540 1794 Derrien,
556 1747 620 1794 qui
635 1747 691 1783 fut
705 1747 854 1794 envoye
868 1758 916 1783 en
931 1747 1123 1793 Bretagne
1138 1757 1230 1782 avec
1250 1757 1303 1781 un
1324 1756 1479 1782 secours
1501 1755 1606 1781 assez
1621 1745 1764 1792 impor-

359 1811 445 1843 tant
465 1806 531 1842 des
552 1806 586 1842 le
608 1810 940 1842 commencement
959 1805 1005 1841 de
1027 1804 1131 1851 1344,
1154 1815 1303 1841 comme
1324 1805 1357 1840 le
1378 1809 1565 1851 prouvent
1586 1804 1641 1840 les
1662 1804 1763 1851 quit-

358 1870 493 1902 tances
519 1864 564 1900 de
590 1864 782 1911 plusieurs
812 1869 967 1911 patrons
997 1863 1044 1900 de
1073 1863 1156 1899 nass
1186 1863 1375 1910 engagees
1398 1876 1412 1896 «
1436 1873 1530 1909 pour
1550 1862 1584 1898 le
1605 1873 1765 1910 passage

359 1923 635 1971 monseigneur
656 1923 827 1959 Richard
846 1923 892 1959 de
913 1923 1137 1958 Tottesham
1168 1928 1205 1957 et
1232 1927 1363 1957 autres
1389 1921 1523 1957 devers
1544 1921 1600 1957 les
1621 1921 1764 1968 parties

358 1983 404 2020 de
422 1982 632 2029 Bretaigne
656 1995 670 2017 »
696 1982 803 2027 (Rec.
827 1981 906 2028 offi,
924 1983 1144 2026 Eoecliequer.
1168 1982 1348 2025 Treasury
1369 1983 1413 2026 of
1426 1981 1483 2016 the
1503 1982 1651 2026 Reoeipt.
1675 1982 1764 2016 Mis-

361 2043 531 2083 cellanea,
557 2041 696 2087 39J14).

406 2101 440 2136 2.
465 2101 537 2136 Ms.
558 2111 635 2146 per.

408 2159 439 2195 3.
465 2159 536 2194 Ms.
560 2160 622 2195 ad.

406 2219 440 2253 4.
463 2218 631 2253 Thomas
646 2217 691 2253 de
706 2217 917 2264 Dagworth
938 2217 1080 2254 n'avait
1096 2217 1202 2254 cesse
1217 2217 1261 2253 de
1277 2227 1487 2265 guerroyer
1504 2228 1553 2254 en
1574 2217 1763 2264 Bretagne

359 2277 495 2325 depuis
523 2277 558 2313 le
591 2282 923 2313 commencement
955 2277 1001 2313 de
1036 2277 1071 2313 la
1103 2277 1212 2313 lutte.
1250 2277 1325 2312 Par
1358 2288 1434 2313 une
1467 2277 1680 2313 endenture
1713 2277 1762 2312 du

359 2337 403 2373 28
421 2336 573 2383 janvier
595 2336 698 2382 1345,
720 2336 853 2382 passee
882 2341 991 2372 entre
1019 2335 1072 2371 lui
1092 2340 1130 2372 et
1149 2336 1182 2372 18
1204 2340 1329 2372 comte
1350 2335 1395 2371 de
1415 2336 1715 2381 Northampton,
1736 2335 1763 2370 il

360 2393 595 2441 s'engageait
625 2393 646 2428 a
680 2393 802 2429 servir
834 2404 882 2429 en
911 2393 1105 2439 Bretagne
1137 2403 1185 2428 en
1218 2392 1362 2439 qualite
1393 2392 1437 2429 de
1465 2392 1682 2428 lieutenant
1713 2392 1763 2428 du

360 2459 500 2498 comte,
523 2463 616 2489 avec
645 2453 686 2488 15
708 2452 936 2497 chevaliers,
958 2453 1000 2488 65
1032 2453 1207 2499 ecuyers,
1231 2452 1296 2488 120
1323 2452 1477 2488 archers
1506 2457 1544 2487 et
1570 2452 1615 2487 40
1636 2452 1761 2486 biden-

361 2523 448 2548 wers
469 2511 577 2556 (Rec.
601 2511 679 2556 off,
700 2513 810 2546 Emcli.
836 2512 981 2554 Quean’s
1001 2512 1198 2547 Remembr.
1221 2511 1347 2556 Army,
1369 2510 1427 2556 47,
1445 2511 1515 2556 17).
1538 2511 1591 2546 Le
1614 2510 1656 2545 10
1674 2510 1762 2557 jan-

359 2571 440 2607 vier
462 2570 565 2616 1347,
587 2560 764 2605 Edouard
785 2570 842 2605 III
868 2570 901 2605 18
931 2570 1120 2606 nommait
1150 2581 1219 2606 son
1248 2570 1463 2606 lieutenant
1493 2581 1542 2605 en
1569 2570 1763 2616 Bretagne

362 2630 536 2678 (Rymer,
559 2630 606 2666 R.
629 2629 698 2675 ΙΙΙ,
720 2641 754 2675 p.
778 2641 804 2674 1,
825 2630 919 2675 847).
938 2630 1098 2676 D'apres
1119 2641 1195 2666 une
1215 2629 1427 2666 endenture
1445 2629 1494 2665 du
1515 2630 1641 2666 meme
1661 2630 1761 2676 jour,

360 2690 423 2737 qui
446 2691 544 2726 n'est
563 2700 630 2736 pas
651 2688 800 2735 publiee
818 2689 913 2724 dans
938 2689 1097 2736 Rymer,
1118 2689 1152 2725 18
1172 2689 1227 2725 roi
1248 2689 1301 2724 lui
1321 2689 1580 2725 abandonnait
1600 2694 1686 2725 tous
1707 2689 1762 2724 les

360 2760 526 2786 revenus
546 2749 595 2785 du
617 2749 741 2785 duche
761 2748 806 2785 de
827 2748 1030 2796 Bretagne.
1055 2749 1267 2796 Dagworth
1287 2748 1518 2796 s'engageait
1531 2748 1576 2785 de
1593 2759 1661 2785 son
1677 2749 1761 2785 cote

360 2807 381 2843 a
402 2807 615 2844 entreteuir
634 2806 728 2842 dans
749 2817 792 2844 ce
814 2817 923 2854 pays»,
944 2806 1110 2853 pendant
1134 2812 1217 2843 tout
1238 2807 1271 2843 le
1297 2812 1420 2853 temps
1441 2817 1514 2854 que
1534 2806 1703 2843 durerait
1724 2806 1760 2843 la
