2060 3345
417 352 481 389 432
647 354 851 388 RICHARDI
878 352 1004 385 SCOTI
1032 351 1239 385 CHRONICI
1267 351 1573 385 CONTINUATIO.
1697 349 1803 396 [1358

413 451 597 481 causam
617 449 747 480 suam
767 436 877 486 Dec,
902 431 1035 478 beate
1055 431 1229 495 Virgini
1251 432 1388 479 Marie
1408 437 1454 479 et
1479 432 1614 478 beato
1634 432 1804 495 Dyoni-

412 511 479 557 sio
524 508 822 558 devotissime
861 507 1227 564 commendavit,
1268 508 1437 570 quibus
1474 524 1580 555 cum
1619 508 1803 571 speciali

412 592 519 632 voto
544 602 592 632 se
619 583 918 632 devotissime
941 584 1281 640 abstrinxisset,
1303 584 1375 631 die
1397 584 1625 646 sequenti,
1645 584 1805 630 civitas

409 662 465 708 ad
493 661 802 708 obedientiam
834 661 932 724 ejus
969 660 1095 707 venit
1130 677 1215 723 per
1246 660 1437 707 modum
1470 659 1548 722 qui
1576 659 1800 722 sequitur.

406 738 692 801 Jamjamque
710 743 1022 785 mercatorum
1041 737 1308 799 prepositus
1329 743 1375 783 et
1395 737 1463 783 sui
1484 752 1705 798 sequaces
1721 735 1806 782 ini-

407 814 628 876 quitatem
657 819 929 876 conceptam
950 813 1197 877 peragere1
1219 813 1458 876 cupientes
1483 812 1579 876 regi
1602 815 1806 860 Navarre

405 890 601 937 civitatis
639 890 896 937 dominium
934 889 1217 953 pollicendo,
1255 889 1351 953 jam
1391 888 1805 938 contradicentium

405 967 489 1014 sibi
516 966 661 1014 ostia2
680 967 928 1014 domorum
955 966 1125 1029 signari
1151 965 1354 1013 fecerant
1375 970 1425 1012 ut
1446 964 1510 1012 sic
1529 964 1574 1011 in
1594 965 1805 1028 ingressu

405 1059 488 1089 suo
513 1041 685 1105 cogniti
704 1041 844 1089 variis
864 1041 1100 1105 suppliciis
1127 1041 1385 1088 interirent.
1407 1043 1557 1103 thue
1576 1040 1806 1104 receptio-

406 1135 510 1165 nem
536 1119 691 1165 vultus
726 1117 837 1164 boni
877 1134 983 1165 cum
1024 1117 1283 1181 dapsilitate
1321 1117 1447 1179 regia
1482 1117 1801 1180 prevenirent,

397 1194 494 1257 jam
521 1194 692 1241 cibaria
711 1199 1079 1257 preparaverant
1104 1192 1315 1248 delicata,
1339 1192 1422 1240 sed
1448 1209 1570 1250 cum,
1592 1192 1667 1239 die
1692 1192 1806 1240 assi-

403 1275 557 1333 gnata,
588 1270 740 1317 claves
776 1274 912 1333 porte
945 1269 1096 1317 Sancti
1132 1268 1337 1333 Dyonisii
1370 1269 1429 1317 ad
1454 1270 1678 1317 cautelam
1717 1269 1805 1316 sibi

403 1346 733 1393 adherentibus
759 1345 930 1393 frustra
956 1345 1142 1392 tradere
1173 1350 1499 1408 temptassent,
1533 1344 1806 1393 custodibus

402 1422 795 1486 respondentibus
827 1421 952 1485 quod
986 1439 1103 1484 eque
1136 1422 1418 1469 sufficientes
1443 1427 1575 1469 erant
1601 1421 1718 1469 sicut
1744 1421 1807 1467 illi

404 1515 521 1561 quos
547 1498 803 1562 subrogare
828 1498 1063 1554 volebant,
1094 1503 1197 1544 orta
1223 1503 1294 1544 est
1319 1498 1605 1545 tumultuosa
1629 1503 1676 1544 et
1700 1513 1806 1543 ver-

403 1575 518 1622 balis
539 1574 787 1622 discordia.
809 1577 959 1632 Quum
976 1574 1220 1621 attendens
1238 1574 1451 1636 quidam3
1471 1576 1675 1621 famosus
1695 1573 1806 1620 bur-

403 1650 559 1713 gensis
588 1650 857 1697 Parisiensis
889 1656 1080 1696 vocatus
1110 1650 1342 1697 Johannes
1367 1650 1556 1697 Maillart
1583 1655 1628 1696 et
1654 1649 1806 1696 conci-

404 1727 537 1788 piens
569 1726 883 1789 proditionem
909 1726 1069 1772 initam
1099 1725 1250 1772 subita
1276 1726 1530 1773 mutatione
1559 1725 1805 1773 custodum

405 1803 503 1849 sine
535 1819 671 1849 causa
697 1809 741 1849 et
773 1802 899 1865 quod
928 1802 1060 1864 plebs
1094 1802 1265 1865 ubique
1290 1802 1546 1849 mirabatur
1570 1807 1806 1849 recentem

404 1878 799 1942 consignationem
825 1878 1158 1941 hospiciorum,
1189 1895 1301 1925 mox
1333 1895 1439 1926 cum
1470 1878 1638 1925 vexillo
1664 1878 1806 1925 armis

404 1955 527 2018 regis
550 1954 739 2002 Francie
760 1955 976 2018 insignito
998 1971 1171 2017 equum
1188 1955 1532 2002 velocissimum
1552 1954 1807 2001 ascendens

404 2034 451 2075 et
476 2046 561 2092 per
587 2030 752 2076 urbem
777 2030 957 2076 fortiter
976 2030 1276 2077 exclamando
1303 2048 1312 2076 :
1342 2049 1361 2074 <x
1384 2033 1536 2077 Meum
1557 2029 1800 2094 gaudium!

404 2107 569 2153 Sancte
594 2106 806 2168 Dyonisi!
838 2106 950 2170 Regi
977 2112 1022 2153 et
1049 2106 1182 2153 duci!
1219 2125 1239 2150 »
1269 2106 1429 2169 populi
1464 2106 1807 2154 multitudinem

405 2182 654 2228 maximam
679 2182 996 2246 congregavit.
1025 2182 1210 2230 Cautela
1236 2182 1390 2239 simili,
1420 2199 1476 2229 ex
1505 2183 1648 2229 altera
1674 2187 1806 2245 parte

403 2258 526 2314 ville,
557 2258 746 2321 quidam
771 2258 902 2305 miles
932 2265 1124 2306 vocatus
1150 2258 1339 2322 Pipinus
1367 2259 1424 2305 de
1449 2258 1665 2314 Essartis,
1695 2275 1806 2306 usus

404 2333 489 2380 fuit
509 2339 554 2380 et
574 2350 680 2380 cum
700 2334 746 2380 in
766 2350 847 2380 ore
864 2335 1073 2381 omnium
1099 2334 1161 2380 nil
1187 2334 1310 2381 aliud
1331 2340 1571 2381 resonaret
1597 2334 1683 2381 nisi
1707 2334 1806 2398 regi

402 2409 553 2456 honor
586 2417 628 2457 et
663 2410 944 2467 obedientia,
978 2410 1162 2474 ipsique
1193 2410 1436 2473 preposito
1472 2410 1611 2458 etiam
1636 2410 1805 2458 iterum

404 2487 633 2548 repetenti
650 2486 802 2534 claves
818 2493 954 2550 porte
972 2487 1123 2535 Sancti
1140 2487 1327 2534 Antonii
1348 2486 1574 2550 denegate
1592 2486 1802 2540 fuissent,

455 2662 487 2695 1.
512 2660 586 2696 ΜΞ.
604 2671 743 2705 perere.

453 2720 488 2754 2.
511 2719 584 2754 Ms.
608 2720 738 2755 hostia.

455 2778 487 2813 3.
512 2777 583 2812 Ms.
607 2779 768 2822 quidem.
