2060 3345
288 303 391 349 1359]
518 306 724 339 RICHARDI
752 304 878 338 SCOTI
908 304 1115 337 CHRONICI
1143 304 1451 337 CONTINUATIO.
1617 302 1684 338 137

285 388 344 435 de
369 387 443 435 die
469 387 514 434 in
540 387 663 434 diem
690 385 988 441 infestabant,
1013 385 1070 432 ab
1098 385 1319 448 episcopo
1346 385 1584 432 Trescensi
1610 386 1689 448 qui

286 464 343 512 de
371 464 512 511 domo
538 463 837 511 dominorum
857 462 1208 509 pictaviensium
1235 461 1479 518 existabat,
1504 461 1551 508 in
1577 479 1691 524 qua-

286 541 393 589 dam
408 542 540 589 vinea
556 547 719 588 vocata
734 539 1027 588 Chaudefona
1041 540 1149 586 victi
1165 539 1369 597 fuerunt,
1387 539 1519 603 prius
1534 544 1688 587 tamen

284 619 416 682 gravi
442 618 563 666 bello
590 623 636 665 et
662 616 925 681 periculoso
951 616 1186 678 peract01.

350 697 462 744 298.
493 722 555 730 -
581 693 759 758 Anglici
785 692 1103 740 Aureliensem
1130 692 1232 756 (sic)
1261 692 1496 740 civitatem
1520 692 1690 740 frustra

283 788 368 835 per
393 771 709 835 proditionem
734 786 901 833 capere
928 773 1295 832 temptaverunt.
1328 769 1393 816 Illi
1428 774 1584 817 autem
1611 771 1690 832 qui

284 847 405 910 apud
423 849 689 911 Ragennes2
701 846 837 894 locati
856 852 1004 902 erant,
1025 845 1146 892 circa
1163 861 1378 892 auroram
1398 845 1455 893 ad
1469 845 1692 893 Autissio-

284 923 452 971 dorum
472 923 762 979 accedentes,
781 939 886 972 cum
902 921 1190 986 negligenter
1205 927 1430 969 nocturne
1453 923 1692 970 continua-

282 1005 445 1047 rentur
458 999 670 1055 excubie,
686 1015 771 1062 per
783 1004 968 1062 portam
980 998 1211 1062 Clugniaci
1228 998 1275 1044 in
1294 998 1527 1045 civitatem
1545 999 1691 1046 intra-

284 1083 468 1124 verunt.
507 1078 714 1138 Cumque
741 1075 898 1122 villam
932 1080 1078 1122 totam
1114 1074 1354 1139 predalem
1387 1075 1603 1123 fecissent
1646 1082 1692 1122 et

282 1153 408 1201 cives
423 1153 480 1200 ad
497 1153 814 1216 captivitatem
834 1152 1140 1217 redegissent,
1158 1152 1258 1199 solo
1277 1152 1423 1199 muris
1448 1169 1534 1216 pro
1554 1157 1690 1215 parte

282 1245 448 1293 magna
483 1229 682 1293 equatis,
712 1246 769 1276 ne
807 1228 1049 1276 residuum
1085 1228 1285 1276 civitatis
1321 1229 1507 1276 flamma
1534 1229 1691 1276 voraci

282 1311 627 1363 consumerent,
652 1306 810 1353 hostes
831 1305 938 1352 inde
960 1304 1231 1352 recedentes
1250 1305 1463 1369 ingentes
1485 1321 1692 1352 summas

284 1382 477 1445 pecunie
496 1401 522 1430 a
548 1381 728 1430 civibus
752 1382 1070 1445 [receperunt]
1096 1398 1212 1444 quas
1238 1387 1395 1428 tamen
1416 1381 1606 1444 quidam
1633 1397 1692 1428 ex

282 1458 418 1522 ipsis,
461 1459 574 1506 dum
619 1458 677 1506 ad
726 1459 992 1522 capitaneos
1039 1458 1368 1516 defferrentur,
1414 1475 1473 1505 ex
1514 1457 1692 1506 insidiis

283 1541 584 1599 erumpentes
609 1535 796 1598 predati
824 1535 980 1583 sunt3.

835 1659 877 1705 M
900 1658 1000 1705 CCC
1023 1660 1137 1705 LIX.

347 1770 461 1819 299.
476 1797 539 1805 —
551 1770 683 1816 Anno
697 1769 880 1817 Domini
896 1769 949 1817 M⁰
959 1768 1185 1827 CCC⁰L1x⁰‚
1203 1769 1291 1816 viri
1309 1770 1515 1834 insignes
1531 1770 1693 1818 videli-

282 1852 355 1893 cet
370 1846 635 1894 Guilielmus
650 1846 707 1893 de
721 1846 981 1903 Meleduno,
1001 1846 1378 1910 archiepiscopus
1394 1847 1689 1905 Senonensis‚

282 1938 438 1969 comes
462 1922 519 1970 de
545 1923 865 1986 Tanquarvilla
888 1923 1033 1969 frater
1053 1922 1168 1986 ejus,
1192 1939 1350 1970 comes
1373 1922 1431 1969 de
1457 1926 1695 1987 Dompno-

282 1999 494 2055 Martino,
518 1999 786 2062 Arnulphus
806 1999 1152 2056 Daudeneham‚
1175 1999 1365 2046 Francie
1388 2000 1686 2057 marescalus‚

282 2075 435 2138 etqui
470 2091 576 2122 cum
611 2092 722 2139 rege
747 2075 955 2124 ,Iohanne
993 2075 1241 2138 prisonarii
1276 2081 1408 2123 erant
1444 2081 1691 2125 tractatum

281 2152 402 2199 inter
435 2168 572 2216 reges
605 2151 795 2200 Francie
830 2158 876 2199 et
910 2152 1072 2216 Anglie
1108 2152 1471 2216 proloquutum4
1505 2154 1690 2202 Parisiis

280 2228 534 2276 attulerunt
559 2227 638 2291 qui
664 2233 820 2274 tamen
845 2228 1036 2275 domino
1062 2228 1167 2276 duci
1195 2229 1374 2293 regenti
1400 2245 1493 2276 non
1517 2230 1689 2294 placuit

330 2373 362 2407 ¹1.
386 2372 546 2419 D'apres
574 2371 766 2408 Froissart
794 2372 835 2417 (t.
856 2371 906 2416 V,
927 2383 963 2418 p.
989 2371 1084 2419 173),
1112 2372 1310 2409 Eustache
1336 2372 1689 2410 d’Auberchicourt

282 2431 337 2467 fut
356 2431 465 2467 hattu
486 2436 524 2467 et
546 2431 611 2467 fait
631 2431 853 2478 prisonnier
873 2431 907 2467 le
929 2431 972 2468 ‘23
999 2431 1085 2477 juin
1115 2432 1205 2469 1359
1229 2432 1323 2478 (voir
1347 2432 1451 2469 aussi
1479 2433 1686 2478 Clzronique

281 2493 497 2531 normande,
522 2502 557 2537 p.
582 2491 676 2536 140).

328 2550 362 2585 ⁶2.
387 2550 610 2597 Regennes,
634 2551 789 2596 Yonne,
813 2561 1018 2586 commune
1039 2548 1296 2599 d’Appoigny.

330 2607 362 2643 3.
384 2607 562 2644 Auxerre
593 2608 648 2643 fut
669 2608 769 2654 prise
800 2608 833 2644 le
869 2608 911 2643 10
939 2619 1042 2644 mars
1071 2608 1161 2644 1359
1193 2620 1261 2655 par
1288 2609 1433 2645 Robert
1464 2609 1623 2646 Knolles
1650 2614 1686 2645 ct

282 2665 449 2702 evacuee
471 2667 505 2702 le
527 2667 569 2703 30
592 2668 687 2703 avril
710 2667 865 2704 suivant
887 2668 947 2713 (cs.
972 2668 1178 2715 Froissart,
1202 2674 1229 2705 t.
1253 2669 1303 2715 V,
1325 2680 1361 2715 p.
1383 2681 1457 2715 xm,
1481 2681 1519 2704 u.
1543 2670 1592 2715 4).

329 2724 363 2759 4.
387 2724 442 2760 Cf.
466 2725 509 2762 E.
534 2726 725 2773 Gosneau,
749 2729 794 2763 bes
816 2728 959 2764 Gramls
983 2729 1121 2764 Traites
1144 2729 1185 2764 de
1216 2730 1252 2764 ια
1276 2739 1407 2773 querra
1437 2729 1477 2763 dc
1498 2728 1583 2764 Cena
1604 2739 1684 2770 ans,
