2060 3345
431 381 474 417 26
801 378 1005 411 RICHARDI
1033 376 1159 409 SCOTI
1189 376 1452 410 CHRONICON.
1715 374 1816 421 [1331

496 464 546 508 64
564 497 574 508 .
592 488 654 496 -
673 462 825 507 Mense
846 455 1099 520 septembri
1120 455 1305 503 fuerunt
1325 456 1369 502 in
1392 456 1552 512 Ytalia,
1579 456 1624 502 in
1647 457 1821 521 Arago-

431 537 522 591 nia,
546 537 590 583 in
611 533 849 583 Provincia
868 537 995 580 tante
1012 531 1335 580 inundationes
1352 547 1577 594 aquarum
1597 536 1646 578 ut
1662 548 1820 580 earum

432 615 607 676 impetu
630 616 779 658 castra
804 609 965 666 multa,
994 608 1098 656 ville
1118 608 1260 656 multe
1278 608 1490 655 dicantur
1516 607 1699 670 penitus
1719 624 1822 655 cor-

429 690 594 737 ruisse.
623 691 671 734 In
698 685 885 733 Francia
909 691 1066 732 tamen
1092 685 1227 732 nichil
1253 685 1422 732 horum
1444 690 1599 731 actum
1623 690 1694 731 est
1719 684 1822 732 licet

429 767 590 828 hyems
616 768 713 809 tota
738 777 936 824 sequens
962 761 1100 808 fuerit
1125 761 1353 823 pluviosa.

494 846 620 895 62-h.
641 872 704 880 —
721 843 849 891 Circa
864 843 1067 890 medium
1084 843 1255 890 mensis
1269 842 1565 906 septembris,
1583 841 1822 890 domicella

429 938 517 985 que
535 920 761 984 placando
788 918 987 984 sigillum
1004 919 1249 966 salsitatem
1271 919 1442 966 fecerat
1461 918 1719 965 litterarum
1736 935 1823 981 pro

428 997 618 1044 domino
634 997 837 1044 Roberto
858 995 915 1042 de
932 995 1174 1042 Attrabato
1191 995 1335 1042 eciam
1351 996 1408 1042 de
1423 994 1642 1041 mandato
1657 994 1818 1057 ipsius,

429 1074 473 1120 in
499 1073 650 1120 Platea
671 1076 924 1119 Porcorum
949 1071 1149 1118 Parisius
1175 1071 1482 1126 comburitur,
1514 1071 1643 1133 prius
1668 1078 1822 1117 tamen

429 1149 584 1196 multis
618 1149 716 1195 aliis
758 1147 1169 1194 machinationibus
1201 1147 1487 1194 confessatis.
1530 1149 1626 1203 Que
1660 1146 1823 1193 videns

428 1226 642 1273 dominus
661 1224 892 1272 Robertus
912 1223 1091 1286 sibique
1118 1229 1328 1271 metuens
1350 1223 1407 1270 ad
1431 1223 1598 1270 ducem
1621 1223 1823 1270 Braban-

429 1303 496 1350 cie
521 1307 768 1366 cognatum
790 1317 926 1348 suum
939 1317 987 1348 se
1001 1301 1250 1356 transtulit,
1269 1299 1471 1347 dimissis
1491 1316 1636 1347 uxore
1656 1306 1700 1346 et
1719 1299 1823 1346 filiis

429 1380 547 1426 infra
573 1394 786 1442 regnum.
825 1379 924 1434 Quo
958 1376 1132 1434 audito,
1162 1392 1246 1423 rex
1271 1376 1460 1424 Francie
1495 1375 1540 1422 in
1571 1392 1710 1422 manu
1743 1392 1825 1422 sua

429 1455 585 1518 posuit
607 1459 780 1501 terram
801 1469 950 1510 suam,
978 1452 1202 1499 mandans
1222 1452 1263 1498 ei
1285 1468 1369 1515 per
1389 1452 1579 1498 nuncios
1598 1457 1649 1498 ut
1667 1468 1825 1498 coram

428 1547 537 1595 rege
561 1536 607 1577 et
631 1530 821 1593 paribus
854 1530 912 1576 ad
944 1529 1067 1576 diem
1100 1529 1333 1591 prefixum
1369 1527 1674 1591 personaliter
1698 1543 1825 1574 com-

429 1612 614 1670 pareret
634 1623 683 1653 se
709 1606 767 1654 de
794 1606 879 1653 sibi
906 1604 1136 1668 impositis
1158 1604 1428 1651 criminibus
1454 1604 1770 1652 defensurum.

494 1692 618 1737 63-0.
665 1717 724 1724 —
755 1688 906 1735 Prima
932 1687 1162 1736 dominica
1196 1685 1471 1743 adventus1‚
1509 1704 1629 1750 papa
1664 1686 1824 1734 debuit

428 1765 651 1813 Avinione
678 1764 859 1828 publice
885 1763 1126 1826 predicare
1157 1762 1284 1825 quod
1318 1762 1468 1809 anime
1501 1762 1824 1810 decedentium

428 1841 473 1887 in
500 1841 646 1905 gratia
670 1840 829 1886 vident
854 1839 1059 1885 divinam
1085 1838 1332 1886 essentiam
1363 1854 1447 1885 nec
1474 1844 1581 1885 sunt
1618 1839 1823 1900 perfecte

428 1917 560 1964 beate
582 1916 668 1963 nisi
686 1922 793 1978 post
812 1915 1179 1978 resumptionem
1197 1930 1466 1977 corporum.
1498 1913 1630 1970 Quod
1648 1913 1824 1961 dictum

428 1992 748 2040 scandalizavit
789 1992 981 2047 multos,
1026 1996 1380 2054 verumptamen
1425 1990 1571 2054 magis
1620 1990 1825 2038 creditur

428 2069 660 2132 opinative
693 2084 833 2131 quam
864 2083 970 2114 cum
1002 2067 1256 2115 assertione
1289 2066 1462 2114 dixisse
1488 2066 1707 2129 quoniam
1738 2067 1826 2114 hoc

428 2151 549 2193 esset
573 2144 829 2192 hereticum
853 2160 1079 2199 asserere,
1109 2143 1235 2206 quod
1262 2143 1341 2206 qui
1375 2147 1604 2190 assereret
1634 2142 1826 2190 deberet

428 2239 515 2286 pro
541 2221 712 2269 infideli
738 2227 785 2268 et
807 2221 1007 2268 heretico
1027 2220 1240 2284 judicari.

494 2303 625 2351 fill-d.
649 2332 713 2340 —
733 2303 979 2351 Confessor
998 2303 1173 2350 domini
1199 2302 1389 2350 Roberti
1409 2301 1745 2349 Attrabatensis
1765 2302 1823 2349 de

428 2380 590 2428 ordine
620 2380 969 2427 Predicatorum
1001 2379 1249 2444 jamdictus
1288 2379 1599 2442 interrogatus
1635 2378 1748 2441 quid
1779 2385 1824 2425 et

429 2463 653 2521 quantum
689 2457 828 2504 sciret
850 2457 907 2504 de
942 2456 1066 2504 falsis
1091 2456 1254 2503 litteris
1280 2455 1538 2512 antedictis,
1581 2454 1678 2517 qui,
1718 2471 1823 2502 cum

478 2609 510 2644 l.
533 2608 585 2643 Le
604 2617 698 2654 pape
713 2607 812 2642 Jean
827 2606 949 2642 XXII
964 2606 1005 2642 fit,
1020 2606 1112 2642 trois
1135 2616 1308 2642 sermons
1330 2604 1555 2651 principatu<
1577 2614 1642 2639 sur
1663 2613 1705 2639 ce
1726 2602 1825 2649 sujet

430 2666 475 2701 dc
493 2666 528 2701 la,
543 2665 666 2701 vision
681 2664 898 2711 beatifique,
914 2664 947 2700 le
966 2664 1054 2711 jour
1067 2664 1111 2700 de
1128 2665 1164 2699 la„
1178 2663 1385 2700 Toussaint
1403 2663 1468 2708 (10‘
1481 2661 1690 2697 novembre
1709 2662 1824 2707 1331),

430 2726 465 2761 le
486 2723 679 2760 troisieme
708 2723 914 2759 dimanche
944 2722 989 2758 de
1019 2723 1175 2759 l’Avent
1206 2723 1262 2769 (15
1291 2720 1502 2765 decembre)
1526 2725 1563 2756 et
1584 2719 1620 2755 la
1641 2720 1752 2756 veille
1779 2720 1824 2756 de

432 2772 670 2829 l'Epiphanie
696 2782 730 2824 (5
755 2780 907 2828 janvier
935 2780 1050 2821 1332).
1081 2780 1134 2816 Cf.
1164 2780 1314 2817 Denisse
1344 2785 1379 2815 ct
1410 2779 1626 2825 Chatelain,
1655 2779 1822 2815 Chartuz.

434 2842 592 2877 Univers.
615 2843 746 2884 Paris„
771 2845 797 2876 t.
821 2838 871 2885 II,
891 2851 926 2886 p.
950 2840 1016 2875 414
1037 2844 1074 2876 et
1095 2839 1191 2877 suiv.
