2060 3345
251 312 357 358 1347]
481 316 686 349 RICHARDI
715 315 841 348 SCOTI
870 316 1076 348 GHRONICI
1105 316 1412 348 CONTINUATIO.
1610 310 1652 345 79

250 397 394 454 ferre,
433 396 522 444 huc
556 395 734 459 pugiles
770 412 881 442 mox
916 396 1110 444 adduxit
1145 413 1263 460 quos
1301 400 1460 443 contra
1498 393 1652 440 Karoli

249 472 395 519 aciem
430 472 651 520 ordinans
686 488 766 519 eos
799 472 920 518 inter·
953 473 1271 521 molendinum
1299 471 1356 519 ad
1383 476 1574 517 ventum
1608 476 1649 516 et

250 548 554 609 leprosariam
598 548 718 594 inter
758 563 956 609 quarros
996 554 1041 594 et
1082 547 1365 604 vehiculos⁴‚
1410 562 1515 593 cum
1560 561 1651 591 nox

248 624 603 671 obscurrissima
627 629 766 679 esset,
795 623 1005 686 precepit
1028 624 1261 671 collocari.

315 708 398 752 484
416 743 426 753 .
449 734 513 741 —
532 709 635 768 Ipsa
656 711 702 752 et
722 705 886 752 eadem
906 706 1038 762 hora,
1062 722 1168 753 cum
1190 706 1353 770 vigiles
1372 711 1419 753 et
1438 705 1517 769 qui
1545 720 1655 751 noc-

248 788 410 830 turnas
443 782 663 830 excubias
699 781 1032 845 persolvebant
1067 782 1321 830 adventum
1359 782 1561 829 hostium
1596 797 1654 828 ex

248 875 412 906 eorum
455 858 655 906 tumultu
696 864 744 905 et
780 875 1010 921 equorum
1054 859 1250 922 strepitu
1293 858 1650 921 comperissent,

248 952 359 983 mox
385 936 722 1000 ingeminantes
747 936 805 983 ad
832 952 961 983 arma
987 943 1168 983 ceteros
1200 937 1520 984 excitaverunt
1547 935 1656 982 dor-

246 1013 443 1060 mientes
477 1019 523 1059 et
554 1020 664 1060 tunc
698 1029 805 1060 cum
840 1012 1041 1060 fascibus
1077 1013 1349 1060 ardentibus
1384 1012 1553 1060 acriter
1587 1018 1658 1058 est

247 1093 505 1152 pugnatum
539 1094 584 1135 et
617 1088 686 1135 bis
717 1088 895 1152 Anglici
926 1088 1169 1136 dominum
1203 1089 1427 1136 Thomam
1464 1093 1654 1150 captum

246 1171 642 1228 recuperaverunt
662 1165 887 1222 animose,
909 1166 1006 1228 qui,
1032 1171 1081 1213 ut
1104 1166 1352 1229 quosciens
1372 1182 1491 1229 opus
1512 1171 1652 1221 esset,

247 1242 381 1288 citius
407 1258 455 1288 se
481 1241 772 1305 adjuvarent,
804 1241 1042 1305 quoddam
1068 1243 1266 1290 verbum
1293 1242 1655 1290 secretissimum

247 1318 313 1365 eis
333 1318 527 1365 dederat
548 1319 674 1382 quod
696 1318 870 1382 pluries
891 1320 1269 1367 exclamaverunt
1289 1320 1361 1366 illa
1384 1325 1537 1365 nocte.
1559 1321 1657 1365 Huc

246 1394 447 1457 illucque
466 1395 651 1442 divisim
672 1402 717 1442 et
739 1395 998 1443 inordinate
1017 1413 1164 1459 usque
1185 1396 1243 1443 ad
1263 1412 1482 1443 auroram
1507 1394 1657 1442 utrin-

248 1488 339 1534 que
366 1472 635 1519 dimicatum
665 1479 751 1528 est,
782 1472 865 1519 sed
892 1472 1080 1519 tandem
1111 1473 1288 1538 Anglici
1318 1472 1521 1519 victores
1549 1487 1656 1518 exs-

247 1547 457 1595 titerunt.
495 1548 716 1595 Karolum
750 1548 959 1612 graviter
994 1549 1249 1596 sauciatum
1285 1549 1539 1612 capienteS‚
1578 1547 1657 1609 qui

247 1632 403 1673 tamen
434 1641 484 1672 se
515 1625 714 1672 reddere
749 1626 1004 1683 recusavit,
1043 1627 1236 1674 mallens
1271 1626 1391 1673 mori
1426 1641 1566 1689 quam
1598 1623 1657 1671 ad

247 1718 413 1749 manus
447 1717 610 1749 eorum
645 1701 918 1765 pervenire,
954 1702 1036 1749 sed
1070 1702 1260 1749 tandem
1297 1700 1563 1749 Bernardus
1599 1700 1657 1748 de

247 1779 441 1827 Castello
483 1778 755 1842 supervenit
790 1777 921 1842 cujus
961 1778 1150 1826 dictioni
1196 1795 1246 1826 se
1291 1778 1507 1826 submisit
1549 1777 1657 1841 quia

247 1855 464 1919 Anglicus
503 1871 594 1902 non
636 1856 783 1901 erat2.
826 1858 876 1901 ln
915 1855 1003 1902 hoc
1040 1855 1240 1903 infausto
1280 1854 1496 1902 conflictu
1536 1854 1658 1900 vice-

248 2023 404 2060 guerre,
435 2012 502 2048 300
532 2012 709 2049 hommes
742 2012 905 2048 d'armes
935 2017 973 2048 et
1004 2011 1073 2048 600
1104 2012 1261 2048 archers
1296 2011 1403 2058 (Rec.
1433 2011 1512 2058 ofil,
1544 2012 1655 2047 Eoeclz.

249 2073 395 2116 Queen's
410 2073 607 2108 Remembr.
627 2073 697 2107 The
711 2073 834 2108 Realm
848 2075 891 2117 of
905 2073 1052 2113 Franco,
1071 2071 1207 2118 482s3).
1224 2071 1331 2108 Nous
1348 2081 1488 2107 savons
1510 2070 1657 2107 d’autrc

248 2138 346 2178 part,
373 2142 442 2178 par
469 2132 504 2167 la
534 2131 645 2168 lettre
678 2131 769 2178 qu’il
798 2131 956 2167 adressa
981 2132 1003 2166 ἐι
1030 2121 1210 2167 Edouard
1236 2130 1294 2166 III
1324 2135 1362 2166 et
1388 2130 1476 2177 qu’a
1506 2130 1657 2176 publice

249 2191 394 2227 Robert
414 2189 669 2237 d'Avesbury,
686 2201 760 2237 que
774 2190 945 2226 Thomas
966 2189 1012 2226 de
1033 2190 1245 2237 Dagworth
1266 2189 1369 2225 avait
1389 2199 1481 2225 avec
1503 2188 1556 2225 lui
1578 2189 1599 2224 a
1622 2189 1658 2224 la

249 2250 569 2287 Roche-Derrien
603 2250 670 2286 300
704 2250 880 2285 hommes
910 2249 1074 2285 d‘armes
1107 2256 1144 2285 et
1176 2249 1244 2285 400
1277 2248 1431 2285 archers
1467 2249 1523 2293 (De
1551 2250 1657 2293 gyestis

248 2310 424 2345 Edwarclt
445 2312 557 2351 tertii,
582 2308 640 2344 ed.
664 2308 901 2355 Thompson‚
923 2319 959 2355 p.
983 2308 1080 2351 388).

298 2374 330 2410 1.
353 2374 426 2410 Ms.
451 2375 641 2410 behiculos.

296 2440 330 2476 2.
353 2439 454 2476 C'est
469 2439 685 2486 egalement
701 2438 723 2474 a
740 2437 909 2474 Bernard
931 2437 979 2473 du
1002 2437 1137 2474 Chatel
1151 2448 1239 2485 que,
1256 2437 1404 2484 d’apres
1425 2437 1480 2473 les
1495 2438 1657 2474 Grandes

249 2500 486 2544 le’onz'ques,
503 2498 662 2533 Gharles
683 2497 729 2533 de
751 2497 856 2533 Blois
879 2507 918 2532 se
941 2496 1060 2532 serait
1074 2496 1209 2532 rendu.
1229 2496 1357 2532 Parmi
1373 2497 1427 2532 les
1444 2495 1657 2531 chevaliers

248 2557 405 2593 bretons
438 2556 611 2593 attaches
638 2557 660 2592 a
689 2556 724 2592 la
753 2566 869 2592 cause
895 2556 940 2591 de
970 2555 1165 2602 Montfort‚
1196 2567 1294 2591 nous
1327 2555 1488 2592 n'avons
1523 2554 1657 2590 trouve

249 2626 378 2651 aucun
398 2625 638 2662 personnage
661 2614 706 2651 de
727 2625 769 2650 ce
793 2625 896 2650 nom.
915 2614 1131 2662 Tanneguy
1146 2614 1195 2649 ‹ilu
1218 2614 1369 2660 Chatel,
1386 2626 1433 2649 au
1450 2612 1655 2656 contraire,

250 2684 299 2709 nc
320 2685 429 2711 cessa
443 2674 488 2710 de
509 2674 722 2710 combattre
743 2673 839 2708 dans
861 2674 913 2707 lcs
938 2683 1048 2720 rangs
1069 2673 1218 2720 anglais
1240 2673 1409 2719 pendant
1432 2677 1536 2707 toute
1559 2676 1658 2706 cotto

251 2743 406 2779 guerre;
429 2733 453 2768 il
483 2733 575 2769 etait
606 2732 884 2769 certaincment
911 2743 959 2768 cn
980 2732 1174 2779 Bretagne
1195 2733 1218 2768 a
1239 2743 1279 2768 ec
1302 2736 1476 2767 moment
1502 2736 1538 2766 ct
1568 2730 1655 2776 prit,

250 2791 397 2838 d'apres
426 2791 629 2837 Froissart,
652 2801 726 2826 une
759 2796 840 2837 part
870 2790 1100 2836 importante
1123 2791 1144 2826 a
1166 2792 1201 2826 ln
1233 2790 1402 2826 bataille.
1428 2789 1527 2825 C'est
1557 2788 1655 2825 donc
