2060 3345
202 297 306 342 1345]
428 299 637 332 RICHARDI
665 298 792 331 SCOTI
820 300 1028 333 CHRONIGI
1056 301 1365 333 CONTINUATIO.
1562 299 1598 334 7'1

197 380 430 426 manniam
455 379 649 434 intrans,
680 394 785 426 cum
811 379 941 426 villas
968 379 1026 427 de
1052 380 1281 428 Nulliaoo1
1311 387 1357 427 et
1376 383 1601 428 Montem-

196 456 372 503 b0urc2
408 460 682 518 temptasset
716 455 888 502 frustra
924 472 1115 519 capere,
1155 458 1409 505 Carenten3
1444 457 1602 504 villam

195 533 318 597 cepit
344 539 390 580 et
415 533 637 596 predatus
664 537 750 580 est.
774 535 830 579 Et
851 549 957 580 cum
982 534 1088 581 ville
1114 534 1373 582 custodiam
1392 535 1601 583 Rolando

195 609 253 657 de
264 609 483 659 Verduno
498 615 541 656 et
560 608 775 656 Nicholao
790 608 849 655 de
866 609 1041 665 Grossi,
1057 609 1296 668 militibus,
1319 610 1487 658 commi
1494 611 1602 658 ssis-

196 692 289 742 set,
325 685 575 732 Normanni
608 701 715 732 cum
747 684 937 732 domino
969 685 1010 732 le
1042 687 1320 749 Despensier
1353 687 1441 735 huc
1472 704 1602 735 acce-

194 761 375 817 dentes,
398 761 498 808 illos
517 766 741 824 ceperunt
761 766 805 808 et
822 761 1025 808 Parisius
1044 762 1289 820 miserunt,
1312 764 1389 827 qui
1412 764 1601 811 tandem

194 844 243 885 ut
269 838 533 901 proditores
559 838 747 886 fuerunt
772 838 1033 886 decollati4.
1063 843 1163 888 Rex
1187 857 1300 887 vero
1319 841 1497 905 Anglie,
1518 841 1603 887 vil-

192 915 284 961 lam
327 914 733 962 Constanciensem
777 914 986 977 capiens,
1026 915 1177 977 capita
1221 916 1363 963 trium
1404 916 1602 963 militum

194 991 527 1038 decollatorum
553 1007 674 1038 anno
699 990 751 1038 M⁰
770 990 877 1039 GCC⁰
896 990 1024 1038 XL111⁰
1051 991 1270 1038 tumulari
1297 991 1447 1049 fecit5‚
1476 992 1604 1039 villa-

193 1085 285 1131 que
316 1067 527 1131 predata,
565 1085 712 1131 usque
742 1067 959 1132 Torigniss
986 1068 1197 1126 accessit,
1228 1068 1384 1126 cedes,
1413 1069 1602 1132 rapinas

194 1150 239 1191 et
265 1144 474 1192 incendia
500 1143 811 1192 exercendo7.
843 1144 954 1193 Inde
981 1145 1255 1202 Cadomum,
1288 1151 1446 1208 spreta
1472 1145 1603 1193 dedi-

192 1297 451 1346 d'Avesbury,
472 1300 516 1334 De
535 1302 642 1344 θεαῖς
665 1300 839 1335 Edwardz'
861 1301 971 1341 tertii,
997 1299 1056 1334 (jd.
1073 1299 1311 1346 Thompson,
1328 1310 1364 1346 p.
1381 1299 1469 1345 3583
1493 1300 1603 1336 Chro-

193 1360 302 1393 nz'con
324 1358 487 1404 Galfrc'di'
511 1359 549 1393 Le
570 1359 685 1393 Balfm'
705 1360 745 1394 dc
766 1359 1019 1403 S'wgsnebroke,
1037 1357 1094 1394 ed.
1112 1358 1350 1404 Thompson,
1372 1369 1406 1405 p.
1425 1358 1482 1403 79,
1505 1358 1600 1402 253).

240 1417 272 1451 1.
297 1416 665 1463 Neuilly-la-Foret,
688 1416 888 1462 Calvados,
911 1428 986 1453 arr.
1010 1417 1056 1453 de
1077 1417 1254 1464 Bayeux,
1283 1423 1385 1453 cant.
1414 1416 1599 1463 d'Isigny.

237 1475 270 1511 2.
294 1475 564 1522 Montebourg,
585 1476 766 1522 Manche,
784 1487 859 1512 arr.
877 1475 922 1512 de
938 1476 1148 1523 Valognes,
1166 1476 1353 1512 chef-lieu
1374 1476 1420 1512 de
1442 1481 1600 1512 canton.

240 1535 271 1571 3.
296 1534 501 1581 Carentan,
525 1535 706 1581 Manche,
728 1546 803 1571 arr.
826 1535 871 1572 de
893 1535 1093 1581 Saint-Lo,
1118 1535 1298 1572 chef-lieu
1320 1535 1365 1572 de
1387 1541 1544 1572 canton.

238 1596 272 1630 4.
296 1594 360 1630 Un
389 1594 579 1641 fragment
600 1594 645 1630 de
667 1600 815 1641 compte
845 1594 892 1630 du
922 1594 1100 1641 bailliage
1126 1594 1171 1630 de
1199 1594 1302 1630 Caen
1329 1605 1426 1641 pour
1451 1595 1603 1631 l'annce

193 1651 283 1688 1346
314 1651 499 1688 confirme
529 1652 767 1699 pleinement
799 1653 836 1688 la
862 1653 1014 1689 version
1045 1652 1090 1688 de
1120 1658 1230 1688 notre
1259 1658 1427 1688 auteur:
1461 1666 1476 1686 «
1501 1652 1603 1688 Pour

191 1710 356 1757 despens
389 1710 460 1746 saiz
492 1721 561 1757 par
587 1711 713 1747 Jehan
746 1710 792 1747 de
820 1711 985 1757 Brieux,
1017 1711 1234 1748 lieutenant
1266 1711 1315 1747 du
1349 1711 1454 1747 bailli
1487 1716 1525 1746 et
1556 1711 1602 1748 de

191 1782 244 1806 ΧΠ
265 1770 441 1807 hommes
462 1770 627 1806 d'armes
649 1772 670 1806 a
691 1771 841 1816 cheval,
864 1782 957 1807 ovec
978 1771 1033 1806 les
1055 1771 1173 1807 valles
1195 1770 1370 1817 d'iceuls,
1393 1776 1430 1807 et
1452 1783 1475 1807 x
1496 1772 1602 1807 arha-

190 1828 360 1864 lestriers
392 1839 440 1864 en
477 1839 519 1864 sa
549 1828 792 1875 compaignie
822 1840 918 1875 pour
950 1840 1084 1865 mener
1110 1829 1160 1864 du
1194 1830 1342 1865 chastel
1370 1829 1415 1865 de
1443 1830 1547 1866 Caen
1581 1831 1603 1866 a

190 1887 353 1923 Amiens
379 1887 608 1934 par-devers
629 1888 663 1923 le
686 1888 772 1935 Roy
793 1893 923 1924 nostre
945 1888 1035 1933 sire,
1058 1899 1126 1935 par
1145 1894 1256 1924 vertu
1277 1889 1327 1924 du
1350 1888 1602 1925 mandement

189 1947 314 1984 d’iceli
346 1957 415 1993 par
447 1958 508 1983 ses
542 1947 694 1990 lettres,
726 1946 821 1983 c'est
849 1936 1022 1984 assavoir
1051 1947 1073 1983 a
1102 1947 1236 1993 Puris,
1267 1958 1308 1983 as
1338 1959 1433 1994 pons
1469 1948 1600 1985 Saint-

189 2004 407 2049 Maixence,
439 2009 476 2040 et
506 2004 641 2052 depuis
662 2005 684 2040 ἐι
706 2005 830 2051 Paris,
857 2005 1136 2052 monseigueur
1156 2006 1343 2042 Roullant
1372 2006 1417 2041 de
1443 2006 1601 2043 Verduu

190 2069 227 2099 et
256 2063 534 2111 monseigneur
560 2063 716 2100 Nicolas
747 2063 792 2100 de
821 2064 1019 2111 Grouchy,
1050 2064 1282 2109 chevaliers,
1316 2064 1526 2101 Guillemet
1555 2065 1600 2101 (10

190 2122 363 2168 Verdun,
386 2122 445 2157 filz
470 2122 577 2158 dudit
597 2122 783 2158 Roullant
805 2122 850 2159 de
877 2123 1046 2169 Verdun,
1069 2129 1106 2159 et
1128 2123 1299 2160 Richard
1319 2123 1364 2159 de
1386 2123 1599 2170 Grouville,

190 2182 376 2228 escuiers,
397 2181 553 2217 traitres
581 2181 689 2218 dudit
716 2182 910 2228 seigneur,
933 2182 964 2218 si
992 2194 1141 2219 comme
1174 2183 1249 2220 l'en
1279 2184 1406 2229 disoit,
1429 2184 1600 2231 lesquiex

188 2241 342 2277 avoient
357 2241 438 2277 este
454 2241 531 2287 pris
546 2252 594 2277 ou
610 2241 758 2276 chastel
772 2240 817 2276 de
832 2241 1033 2277 Karenten
1054 2252 1242 2289 ovesques
1264 2242 1450 2288 plusieurs
1471 2247 1600 2279 autres
1649 2278 1656 2282 .

189 2311 257 2347 par
285 2300 562 2347 monseigneur
583 2300 759 2346 Philippe
785 2300 819 2336 le
841 2300 1091 2347 Despensier,
1113 2301 1322 2348 chevalier,
1344 2313 1440 2348 pour
1471 2313 1513 2338 ce
1545 2303 1599 2338 lcs

186 2361 329 2408 parties
350 2372 398 2398 en
420 2372 472 2396 un
494 2360 614 2397 roulle
636 2360 751 2396 baille
772 2360 794 2396 a
815 2360 851 2396 la
871 2366 993 2407 court,
1015 2370 1133 2398 mlxxx
1155 2362 1177 2398 l.
1203 2374 1249 2398 xv
1272 2374 1302 2398 s,
1320 2374 1382 2398 vm
1402 2362 1437 2398 d.
1464 2376 1478 2395 »
1503 2363 1598 2408 (Bri-

186 2420 264 2456 tish
284 2420 478 2466 Museum,
499 2421 623 2456 Addit.
647 2420 787 2461 Chart„
813 2421 883 2466 11).

233 2480 267 2515 5.
290 2479 323 2514 Il
350 2490 397 2515 ne
424 2484 514 2525 peut
544 2479 660 2525 s'agir
687 2479 738 2515 ici
765 2479 810 2514 de
838 2479 1078 2526 Coutances‚
1106 2480 1204 2516 mais
1234 2481 1279 2517 de
1312 2480 1522 2526 Saint-Lo,
1548 2483 1596 2516 ou

186 2528 365 2575 Edouard
384 2538 443 2574 ΠΙ
464 2538 592 2574 arriva
612 2539 646 2574 10
668 2539 713 2575 22
730 2538 869 2585 juillet.

234 2598 268 2633 6.
291 2597 478 2644 Torigny,
499 2597 682 2642 Manchc,
704 2608 778 2634 arr.
802 2597 847 2633 de
869 2597 1066 2634 Saint-Lo.

236 2658 269 2692 7.
294 2657 347 2692 La
386 2658 496 2693 lettre
532 2657 577 2693 dc
610 2657 751 2694 Micliel
791 2657 836 2692 de
870 2658 1119 2705 Northhurgh
1161 2659 1310 2705 publice
1351 2670 1417 2705 pur
1455 2658 1596 2694 Holicrt

191 2714 434 2763 d⁷Avesbury
456 2727 553 2752 nous
574 2721 727 2752 montrc
749 2722 944 2753 comment
962 2717 999 2753 la
1020 2718 1126 2754 flotte
1146 2718 1319 2765 anglaise
1340 2728 1490 2764 appuya
1511 2717 1596 2753 l'ac-

193 2774 274 2809 tion
303 2774 349 2811 de
375 2774 528 2811 l'armee
554 2775 599 2811 dc
626 2783 727 2812 torre
749 2785 798 2811 cn
821 2782 1029 2822 ravugcant
1058 2777 1112 2813 les
1142 2777 1246 2813 cotes
1279 2776 1510 2812 normandos
1538 2779 1596 2822 (lle
