2060 3345
179 258 278 303 1329]
544 260 749 293 lucinium
778 261 902 293 seori
932 261 1198 293 cussouiooN.
1532 260 1572 296 113

172 341 434 405 predictum
469 356 553 387 rex
588 339 780 387 Francie
816 339 919 403 jure
958 340 1082 398 belli,
1123 356 1266 403 quare
1298 339 1483 388 dicebat
1514 342 1573 389 ad

171 417 511 465 restitutionem
534 415 735 478 aliquam
763 431 854 462 non
883 416 1047 473 teneri,
1078 416 1278 464 finaliter
1305 416 1370 464 sic
1396 416 1571 464 dictum

171 501 239 541 est
267 500 312 540 et
339 494 513 558 pariter
533 491 868 540 concordatum
890 492 1015 555 quod
1036 509 1119 540 rex
1140 492 1301 557 Anglie
1322 492 1381 540 de
1402 493 1570 541 ducatu

169 570 411 633 Aquitanie
432 569 528 633 regi
553 567 743 615 Francie
764 567 1032 632 homagium
1054 568 1226 615 faceret
1244 585 1335 632 pro
1354 568 1571 633 portione

169 664 309 709 quam
336 646 524 694 tenebat
551 651 597 692 et
629 661 741 708 pars
766 644 991 707 acquisita
1018 645 1114 709 regi
1141 646 1331 693 Francie
1362 662 1573 693 remane-

166 729 256 770 ret.
283 724 327 771 Si
350 740 461 770 vero
488 722 682 770 sentiret
708 739 757 768 se
781 721 827 768 in
856 721 1010 784 aliquo
1035 722 1184 770 lesum
1205 739 1323 779 esse,
1351 722 1409 770 ad
1436 738 1573 770 suum

166 800 480 862 palamentum
501 799 702 847 Parisius
723 798 983 855 accederet,
1008 804 1052 846 et
1074 816 1217 862 super
1236 800 1324 846 hoc
1344 815 1430 863 per
1447 798 1571 863 judi-

165 875 288 923 cium
312 875 497 939 parium
518 875 604 922 sibi
632 875 766 921 fieret
787 874 970 937 justicie
990 875 1401 938 complementum.
1431 878 1487 922 Et
1508 875 1572 922 sic

165 952 284 999 facto
310 952 527 1016 homagio
554 968 637 998 rex
664 952 853 998 Francie
879 951 1127 999 Belvacum
1153 953 1421 1009 revertitur,
1459 968 1570 1016 rege

164 1028 326 1092 Anglie
353 1028 509 1076 statim
534 1028 580 1075 in
607 1028 819 1092 Angliam
846 1027 1193 1075 transfretante.

227 1106 359 1167 22-9.
375 1134 438 1141 —-
454 1109 553 1154 Rex
573 1105 711 1168 Cypri
732 1105 874 1152 mittit
896 1105 1110 1152 solennes
1131 1104 1325 1152 nuncios
1345 1106 1403 1153 ad
1420 1105 1571 1152 domi-

161 1196 273 1226 num
305 1180 591 1228 Ludovicum
623 1180 840 1227 comitem
878 1180 1185 1228 Claromontis
1218 1186 1268 1228 ut
1303 1180 1455 1226 eidem
1481 1197 1569 1243 pro

161 1256 254 1303 filio
288 1273 372 1304 suo
404 1257 538 1304 daret
567 1256 710 1303 filiam
746 1272 877 1304 suam
907 1256 1205 1303 matrimonio
1239 1255 1564 1319 copulandam,

159 1333 392 1397 gaudebat
424 1334 547 1381 enim
581 1350 779 1398 regnum
811 1333 950 1397 Cypri
980 1333 1037 1381 de
1073 1336 1357 1380 Francorum
1392 1333 1568 1380 semine

161 1410 430 1474 propagari.

224 1489 304 1537 23.
329 1515 392 1523 --
414 1490 510 1534 Hoc
529 1486 696 1534 eodem
718 1492 931 1549 tempore
958 1487 1102 1534 frater
1129 1490 1292 1534 Petrus
1315 1487 1374 1534 de
1395 1486 1566 1534 Palude

159 1564 323 1611 ordine
364 1564 708 1627 predicatorum
751 1563 917 1610 doctor
964 1564 1007 1610 in
1052 1564 1298 1628 Theologia
1339 1564 1566 1612 Avinione

158 1641 361 1689 existens
382 1641 642 1704 patriarcha
661 1641 1060 1690 Jerosolimitanus
1082 1658 1168 1704 per
1189 1657 1426 1689 summum
1447 1645 1567 1689 Pon—

156 1718 329 1766 tificem
355 1725 426 1766 est
447 1719 641 1766 effectus
656 1718 693 1765 1.

221 1801 301 1851 24.
316 1830 380 1837 —
393 1802 505 1865 Cap.
523 1801 708 1850 CLXXI
722 1817 766 1848 a.
781 1829 844 1837 —
856 1801 1095 1865 Philippus
1109 1817 1193 1849 rex
1206 1802 1396 1850 Francie
1411 1801 1564 1848 missis

154 1878 201 1924 in
218 1878 429 1925 Flandria
444 1879 633 1926 domino
654 1878 861 1927 Johanne
874 1878 931 1926 de
945 1879 1135 1934 Vienna,
1159 1879 1381 1942 episcopo
1395 1878 1563 1926 Abrin-

154 1954 325 2012 censi2‚
356 1971 461 2002 cum
484 1955 696 2017 pluribus
722 1955 820 2002 aliis
845 1960 1007 2017 portas
1034 1954 1092 2002 de
1119 1955 1301 2019 Brugis,
1331 1955 1390 2002 de
1416 1958 1558 2017 Ypra,

154 2030 212 2077 de
253 2032 515 2078 Corteriaco
560 2031 765 2079 funditus
802 2031 978 2079 destrui
1029 2031 1136 2079 fecit
1180 2049 1287 2080 cum
1323 2031 1561 2078 fortaliciis

153 2107 444 2165 eorumdem,
475 2108 601 2171 quod
629 2108 780 2155 nullus
805 2113 940 2155 antea
963 2124 1129 2172 regum
1154 2107 1278 2165 fecit,
1302 2107 1559 2171 providens

201 2262 232 2297 1.
258 2261 315 2297 En
337 2261 441 2308 1331,
464 2261 488 2297 il
509 2261 758 2307 intervenait,
781 2272 874 2298 avec
895 2262 930 2298 le
951 2261 1040 2298 titre
1061 2261 1107 2298 de
1128 2262 1346 2309 patriarche
1373 2262 1417 2297 de
1438 2262 1559 2307 ⁴Jeru-

153 2320 288 2366 salem,
310 2320 405 2356 dans
428 2321 460 2356 le
481 2321 615 2367 proces
636 2320 681 2356 de
704 2319 848 2356 Robert
869 2319 1060 2365 (l’Artois;
1084 2321 1178 2357 trois
1206 2332 1276 2357 ans
1306 2322 1391 2368 plus
1419 2321 1516 2364 tard,
1539 2321 1561 2355 ii

152 2379 188 2415 la
209 2380 364 2426 requete
385 2379 429 2416 de
450 2379 626 2426 Philippe
647 2379 692 2415 de
714 2380 861 2425 Valois,
883 2380 910 2415 il
931 2380 1091 2417 donn-ait
1112 2392 1182 2417 son
1203 2381 1301 2427 avis,
1323 2392 1416 2417 avec
1435 2380 1559 2426 vingt-

152 2438 235 2474 huit
264 2443 393 2475 autres
420 2439 578 2475 maitres
605 2451 653 2476 en
674 2440 864 2486 theologie
886 2440 931 2476 de
952 2439 1201 2476 l'Universite
1223 2440 1268 2477 de
1290 2440 1415 2485 Paris,
1439 2451 1503 2475 sur
1525 2440 1560 2474 la

151 2497 277 2533 vision
308 2497 512 2545 beatifique
538 2498 703 2540 (Denissc
733 2503 772 2534 ct
797 2498 1014 2545 Chatelain,
1039 2500 1209 2536 Charini.
1237 2501 1396 2535 [snbvers.
1422 2500 1555 2539 Paris„

151 2561 178 2591 t.
201 2556 250 2602 II,
276 2568 312 2603 p.
336 2557 418 2603 348,
440 2558 541 2603 429).

198 2616 232 2652 2.
254 2617 353 2653 Jean
374 2617 419 2653 de
440 2617 608 2663 Vienne,
631 2618 776 2664 eveque
797 2617 1065 2654 d'Avranches
1088 2629 1135 2654 en
1160 2618 1264 2663 1328,
1286 2618 1341 2653 fut
1370 2616 1559 2652 transfere

153 2688 200 2713 au
223 2677 325 2724 siege
346 2677 390 2714 de
412 2678 672 2714 Therouanne
693 2689 740 2714 en
765 2678 850 2714 1331
875 2684 911 2714 et
931 2678 953 2714 ἰι
981 2679 1082 2715 celui
1108 2678 1153 2714 de
1176 2678 1311 2715 Reims
1330 2688 1379 2712 cn
1402 2677 1505 2712 1334.
1528 2676 1559 2711 ll

153 2743 308 2772 mourut
329 2737 362 2773 le
386 2738 427 2773 14
446 2737 530 2784 juin
555 2738 658 2774 1351.
