2060 3345
262 336 365 383 1357]
487 340 692 372 RICHARDI
720 338 847 371 SCOTI
876 339 1083 372 CHRONICI
1111 339 1420 373 CONTINUATIO.
1592 337 1660 374 115

258 416 357 480 regi
375 415 600 480 justitiam
624 421 669 463 et
694 415 922 462 rationem
950 416 1169 464 facerent.
1193 417 1451 480 Episcopus
1476 416 1659 463 Laudu-

257 492 410 538 nensis
434 492 512 554 qui
542 491 789 538 amborum
815 496 914 537 erat
940 492 1244 549 consiliarius,
1271 492 1369 538 sine
1395 491 1526 539 ducis
1549 508 1658 539 con-

256 584 412 623 sensu,
447 567 717 630 petitionem
753 567 1032 630 approbavit
1066 569 1207 615 veluti
1237 568 1353 632 juri1
1389 574 1435 616 et
1465 568 1656 615 rationi2

254 660 528 700 consonam,
570 643 955 706 introductusque
997 644 1054 690 ad
1102 644 1267 691 ducem
1284 683 1295 698 ‚
1336 661 1441 692 cum
1482 651 1658 693 secrete

253 737 396 783 super
414 719 714 782 petitionibus
734 719 832 783 ejus
851 724 1144 775 tractaretur,
1169 726 1220 767 ut
1240 721 1535 768 consuluerat
1551 738 1657 784 pre-

252 795 372 842 fatus
405 794 670 858 episcopus,
701 795 870 841 nonulli
899 795 1157 859 burgenses
1183 796 1261 858 qui
1288 796 1377 858 ipsi
1403 797 1501 860 regi
1530 796 1656 844 fave-

250 870 378 928 bant,
403 871 459 918 ad
487 871 689 918 hostium
715 887 896 918 camere
923 871 1052 918 ducis
1079 871 1399 934 pulsaverunt,
1426 873 1656 936 fingentes

250 946 377 1010 quod
416 948 474 994 de
512 947 703 994 secretis
741 947 938 1011 negotiis
973 947 1171 1010 colloqui
1210 964 1366 995 secum
1402 949 1651 998 habebant.

249 1025 372 1080 Quos
397 1039 503 1070 cum
528 1023 734 1086 episcopi
762 1024 954 1070 consilio
981 1024 1246 1072 retinuisset
1267 1031 1313 1072 et
1339 1026 1653 1073 assistentium

248 1099 479 1146 servando
500 1100 712 1146 ordinem
734 1117 876 1163 super
893 1100 1050 1163 petitis
1070 1101 1339 1163 inquisitum
1362 1102 1524 1149 fuisset
1542 1103 1653 1165 quid

247 1177 486 1233 sentirent,
516 1176 863 1240 responderunt
889 1177 1033 1224 libere
1056 1195 1064 1223 :
1091 1197 1109 1221 α
1134 1177 1344 1233 Domine,
1365 1178 1654 1242 adimpleatis

246 1253 548 1300 amicabiliter
574 1271 664 1316 que
692 1253 823 1317 petit,
855 1269 962 1299 nam
988 1259 1175 1316 oportet
1202 1253 1328 1316 quod
1355 1254 1442 1301 hoc
1468 1256 1593 1302 fiat3.
1629 1275 1648 1300 >2

246 1331 373 1377 Tunc
389 1329 529 1394 igitur
547 1330 815 1377 conclusum
841 1336 911 1377 est
939 1330 1065 1392 quod
1091 1331 1245 1377 omnia
1273 1337 1420 1377 castra
1442 1331 1527 1394 ipsi
1552 1332 1652 1396 regi

244 1408 448 1453 Navarre
477 1406 626 1453 ablata
653 1423 758 1454 cum
784 1407 983 1469 repertis
1008 1407 1182 1454 ibidem
1208 1407 1457 1455 mobilibus
1484 1408 1650 1456 redde-

243 1488 424 1539 rentur,
469 1483 623 1529 omnia
664 1483 884 1530 forefacta
926 1483 1012 1530 sibi
1056 1483 1152 1530 dux
1195 1490 1434 1546 parceret,
1482 1486 1651 1533 milites

243 1557 381 1604 etiam
409 1575 527 1620 quos
548 1575 630 1605 rex
657 1559 888 1605 Johannes
915 1558 1037 1622 apud
1065 1559 1405 1624 Rothomagum
1433 1561 1649 1609 decollari

242 1632 413 1681 fecerat
438 1634 496 1682 de
528 1635 733 1698 patibulo
758 1634 1122 1698 deponerentur,
1153 1636 1312 1683 amicis
1338 1637 1649 1686 redderentur

242 1715 288 1756 et
313 1727 446 1758 sacro
475 1711 576 1758 loco
604 1711 816 1774 sepulti4,
848 1711 968 1758 bona
995 1728 1157 1759 eorum
1185 1713 1339 1759 omnia
1365 1713 1423 1760 ad
1452 1714 1647 1763 heredes

239 1785 525 1850 integraliter
545 1786 753 1834 redirent
777 1793 822 1834 et
846 1787 972 1849 quod
1000 1804 1141 1851 super
1159 1788 1373 1852 dampnis
1400 1796 1444 1836 et
1471 1791 1647 1838 incom-

240 1862 393 1909 modis
435 1879 525 1925 que
564 1879 818 1926 perpessus
859 1863 1023 1920 suerat,
1063 1870 1259 1927 propter
1295 1882 1386 1928 que
1427 1867 1646 1929 pecunias

239 1937 601 1986 innumerabiles
626 1939 830 2003 petebat,
854 1939 964 1986 alias
988 1940 1358 1989 concluderetur.

304 2024 416 2071 258.
439 2051 503 2058 —
520 2023 726 2080 Quedam
747 2023 1007 2086 acephalica
1030 2025 1208 2081 concio,
1232 2030 1292 2081 et,
1314 2030 1364 2072 ut
1380 2025 1640 2083 dicebatur,

239 2098 511 2144 auctoritate
548 2098 724 2145 domini
759 2098 957 2162 Philippi
997 2099 1055 2146 de
1096 2103 1300 2147 Navarra
1342 2110 1640 2167 congregata,

237 2174 358 2221 circa
384 2174 539 2221 villam
566 2174 871 2221 Parisiensem
897 2176 1041 2223 multa
1075 2176 1279 2239 dampna
1311 2177 1529 2236 inferens,
1560 2181 1645 2226 vil-

238 2250 329 2297 lam
365 2250 424 2297 de
462 2251 607 2298 Maule
648 2267 790 2313 super
825 2251 1012 2299 Mandre
1049 2259 1093 2299 et
1133 2253 1335 2315 quedam
1373 2255 1458 2302 alia
1493 2262 1643 2304 castra

237 2326 284 2372 in
311 2326 511 2373 confinio
539 2327 660 2390 cepit
687 2332 733 2374 et
758 2327 1040 2383 fortificavit‚
1070 2330 1254 2376 nemine
1280 2330 1542 2379 resistente.
1572 2333 1643 2380 Ad

237 2402 564 2450 exhellandum
599 2403 713 2451 istos
748 2403 922 2461 hostes,
963 2404 1059 2452 dux
1088 2405 1329 2454 dominum
1361 2409 1549 2455 Petrum
1585 2410 1643 2457 de

286 2562 319 2596 1.
342 2561 414 2596 Ms.
436 2564 523 2597 viri.

284 2617 319 2652 2.
344 2618 416 2654 Ms.
439 2621 593 2654 rociom'.

284 2676 318 2712 3.
343 2676 499 2723 D’apres
531 2678 584 2713 les
616 2679 778 2733 Grandes
810 2679 1037 2724 Chronz‘ques
1068 2682 1107 2725 (t.
1131 2681 1199 2727 VI,
1228 2693 1264 2728 p.
1297 2683 1368 2728 68),
1401 2695 1464 2719 ces
1494 2685 1639 2730 parolcs

240 2733 368 2769 furent
389 2737 626 2780 prononcces
647 2747 714 2782 par
734 2736 899 2772 Etienne
922 2737 1078 2773 Marcel.

286 2793 319 2828 4.
346 2793 414 2828 Ms.
438 2797 598 2839 sepultis.
