2060 3345
304 300 404 346 1364]
528 303 733 336 RICHARDI
762 303 889 335 SCOTI
918 304 1124 336 CHRONICI
1153 303 1463 336 CONTINUATIO.
1637 300 1697 335 171

300 383 439 431 cessit
472 382 662 429 victoria
703 388 749 428 et
786 398 933 444 equos
967 382 1169 430 hostium
1207 383 1367 430 lucrati
1407 388 1530 430 sunt.
1570 383 1701 440 Quod

300 460 491 507 audiens
516 463 797 507 Bertrannus
825 458 932 506 inde
962 460 1170 522 gaudens
1192 466 1237 507 et
1262 460 1309 506 in
1335 460 1510 507 bonum
1537 458 1697 505 omen¹

301 538 631 600 interpretatus
652 534 907 598 negotium,
933 535 1027 582 suis
1047 536 1109 582 ait
1131 554 1139 582 :
1162 557 1181 581 ε(
1202 537 1437 584 Resumite
1454 536 1578 583 vires
1598 552 1701 583 ves-

299 619 413 668 tras,
443 611 782 659 commilitones
812 610 994 673 optimi,
1031 612 1251 673 quoniam
1276 629 1426 659 voveo
1464 612 1530 660 sic
1567 612 1700 659 nobis

301 688 538 752 continget
568 693 619 735 ut
652 686 963 734 servientibus
995 688 1191 743 nostris,
1227 688 1286 736 ad
1311 689 1495 736 laudem
1525 687 1702 736 domini

300 764 445 812 nostri
477 763 600 827 regis
634 768 679 809 et
710 763 841 826 regni
872 761 1077 818 Francie,
1117 781 1136 806 >³
1166 769 1210 809 et
1241 764 1324 810 hec
1359 764 1534 820 dicens,
1565 764 1702 828 jussit

297 840 446 887 acies2
473 839 789 903 propinquare
811 838 869 885 ad
896 838 1096 902 prelium
1122 839 1247 886 lento
1271 857 1453 903 gressu.
1483 840 1699 888 Nondum

298 921 446 963 tractu
474 915 748 979 sagittarum
777 914 1034 971 inchoacto,
1067 915 1284 978 quidam3
1309 916 1543 979 Anglicus‚
1567 916 1701 963 novi-

300 999 370 1039 ter
400 993 631 1039 accinctus
671 991 855 1039 baltheo
892 991 1102 1048 militari,
1143 992 1200 1039 ad
1236 993 1481 1055 probitatis
1517 993 1701 1041 titulum

298 1069 657 1133 acquirendum,
702 1069 915 1116 ordinem
957 1085 1094 1116 suum
1135 1069 1378 1126 deserens,
1427 1071 1549 1117 inter
1587 1070 1703 1118 duas

299 1147 419 1194 acies
448 1146 662 1210 prosiliit,
692 1146 895 1194 demissa
918 1146 1098 1202 lancea3
1128 1163 1269 1209 quem
1289 1147 1452 1194 videns
1473 1148 1703 1196 Johannes

298 1224 356 1271 de
381 1227 545 1279 Bosco,
570 1223 789 1286 armiger,
820 1222 899 1285 qui
925 1223 1145 1270 vexillum
1171 1223 1413 1270 Bertranni
1440 1223 1696 1279 deferebat,

297 1299 354 1346 ad
383 1316 488 1346 eum
517 1299 608 1346 cito
635 1316 899 1355 accurrens,
929 1299 1147 1347 eumdem
1174 1299 1584 1347 transverberabat
1607 1300 1704 1364 gla-

298 1376 373 1423 dio
410 1382 454 1423 et
487 1376 551 1423 sic
583 1376 805 1432 moriens,
837 1393 924 1439 pro
945 1377 1079 1424 laude
1106 1383 1369 1424 extremam
1402 1376 1702 1440 ignominiam

299 1453 575 1517 reportavit.
628 1456 730 1501 Jam
781 1456 1066 1501 Bertrannus
1120 1459 1283 1501 contra
1333 1460 1497 1517 captau
1554 1453 1700 1500 aciem

299 1529 473 1577 directe
510 1529 709 1577 duxerat
749 1536 795 1577 et
831 1536 940 1577 tunc
979 1530 1305 1577 resonantibus
1338 1530 1494 1577 tubis4
1526 1529 1700 1592 ubique

298 1606 528 1654 altissonis
548 1606 742 1654 vocibus
769 1607 1111 1670 ingeminentur
1133 1608 1191 1654 ad
1218 1613 1437 1663 mortem,
1463 1614 1509 1654 et
1531 1607 1703 1654 demis-

299 1682 361 1729 sis
388 1682 574 1738 lanceiS,
603 1682 660 1729 ab
683 1688 882 1745 utroque
905 1683 1047 1729 latere
1074 1683 1120 1729 in
1147 1699 1371 1747 aggressu
1398 1699 1500 1730 sese
1521 1682 1704 1729 fortiter

299 1757 578 1821 impingunt.
605 1758 688 1815 Qui
706 1763 816 1805 tunc
837 1764 1079 1820 presentes
1097 1758 1290 1806 aderant
1308 1759 1567 1806 retulerunt
1586 1775 1704 1805 nun-

297 1851 439 1897 quam
472 1834 530 1882 de
565 1841 661 1882 tam
688 1851 836 1898 pauco
867 1851 1062 1882 numero
1090 1835 1300 1900 pugilum
1327 1835 1565 1882 duriorem
1593 1852 1703 1882 con-

298 1911 472 1959 ssietum
518 1928 567 1959 se
600 1912 791 1968 vidisse,
826 1912 979 1958 veraci
1015 1912 1237 1959 relatione
1278 1918 1538 1959 asserentes
1575 1911 1702 1975 quod

300 1987 539 2051 predictus
566 1996 729 2052 captato
754 1989 813 2036 de
841 1992 935 2036 Beu
961 1989 1145 2036 laudem
1181 1989 1268 2036 sibi
1303 1989 1475 2036 meruit
1505 1989 1706 2053 singula-

298 2080 417 2121 rem,
455 2081 562 2111 nam
597 2081 702 2112 cum
735 2065 1001 2128 ponderosa
1034 2066 1155 2113 ascia
1187 2066 1293 2113 hinc
1329 2072 1374 2112 et
1406 2065 1513 2112 inde
1539 2082 1705 2128 percu-

302 2140 436 2198 tiens,
474 2158 526 2188 ea
559 2141 633 2188 die
665 2142 837 2189 multos
868 2142 1038 2189 occidit
1072 2143 1382 2206 Francigenas
1426 2147 1471 2189 et
1508 2142 1705 2189 letaliter

300 2217 579 2264 vulneravit.
622 2221 740 2265 Dum
778 2218 1027 2282 utrobique
1063 2219 1108 2265 in
1137 2236 1328 2284 agressu
1365 2235 1415 2266 se
1456 2225 1618 2266 mutuo
1644 2218 1702 2265 ad

299 2294 537 2341 audaciam
566 2295 841 2351 animarent,
870 2296 1102 2343 Robertus
1134 2296 1192 2343 de
1227 2295 1487 2343 Borneville
1520 2295 1702 2343 titulum

300 2387 421 2417 nove
447 2371 608 2418 militie
645 2371 867 2418 extollere
900 2372 1108 2434 cupienS,
1142 2373 1187 2419 in
1214 2372 1470 2437 Anglorum
1498 2372 1702 2418 medium

298 2464 347 2493 se
384 2447 628 2503 immersit,
663 2448 744 2496 sed
782 2448 969 2496 tandem
1000 2449 1156 2496 multis
1188 2449 1352 2496 occisis
1388 2456 1433 2496 et
1466 2449 1564 2511 ipsc
1596 2465 1701 2495 cum

298 2523 481 2570 lacertis
515 2524 742 2572 dimicans
774 2525 983 2582 viriliter,
1025 2526 1270 2588 prodolor!
1312 2525 1576 2572 interfectus
1611 2531 1698 2571 cst.

349 2655 379 2688 l.
405 2653 476 2688 Ms.
500 2665 655 2689 ommen.

350 2712 381 2747 2.
408 2712 477 2747 Ms.
500 2715 625 2748 aceias.

350 2771 381 2805 3.
410 2771 478 2806 Ms.
501 2774 659 2816 quidem.

352 2830 384 2865 si.
409 2830 479 2865 Ms.
503 2834 620 2867 lituis.
