2060 3345
330 327 397 365 244
899 328 1152 360 APPENDICE.

328 410 502 453 demolir
526 414 567 451 et
591 411 737 449 mettre
756 407 854 448 hors
874 404 1003 447 d’etat
1022 405 1071 447 de
1091 406 1268 460 pouvoir
1287 405 1351 461 s’y
1370 405 1489 460 loger
1515 406 1722 460 plusieurs

328 479 509 520 maisons
540 490 590 517 en
620 476 660 516 la
692 473 791 515 ville
823 473 872 514 de
900 474 1067 528 Taissy,
1103 478 1385 528 appartenant
1421 473 1479 513 Me
1507 471 1643 514 Fretel
1674 473 1723 514 de

325 546 459 587 Saulx
493 548 532 585 et
563 542 588 584 ὲ
626 540 686 584 M⁹
718 540 878 582 Olivier
908 541 958 582 de
988 541 1194 596 Juvigny,
1232 541 1339 583 dans
1369 540 1410 581 la
1444 541 1606 582 orainte
1644 553 1724 595 que

325 612 518 654 l'ennemi
539 624 588 651 ne
608 608 670 664 s’y
690 608 830 664 logeat
849 611 889 650 et
908 621 1035 663 parce
1053 608 1224 663 qu'elles
1246 609 1442 650 n'etoient
1460 621 1535 663 pas
1553 608 1724 663 garnies

325 680 373 721 de
399 692 516 734 gens,
550 678 691 719 vivres
719 680 760 717 et
789 676 1032 727 artilleries;
1066 677 1180 726 item,
1216 676 1342 731 qu’on
1373 675 1599 718 abatteroit
1625 675 1723 730 plu—-

324 748 455 788 sieurs
482 745 665 787 maisons
692 741 843 785 situees
865 744 964 785 hors
990 748 1031 785 et
1058 743 1151 798 pres
1180 743 1250 784 des
1279 757 1394 785 murs
1421 743 1469 784 de
1494 743 1537 784 la
1567 741 1647 784 cite
1673 743 1722 784 de

324 814 495 856 Rheims
516 813 587 868 qui
609 812 817 854 nuiroient
841 810 866 853 a
887 825 933 853 sa
961 810 1138 860 defense,
1171 811 1287 853 telles
1307 825 1386 866 que
1409 811 1511 853 celle
1531 810 1580 852 de
1600 810 1722 852 noble

321 881 485 923 homme
515 881 651 936 Ferry
684 879 873 930 Pastelz,
915 879 1017 921 celle
1055 879 1105 921 de
1143 878 1299 921 Colard
1341 879 1412 921 des
1453 879 1624 928 Fossa,
1667 877 1722 920 du

324 949 378 990 17
399 952 480 992 oct.
507 947 638 991 1359.

961 1066 1087 1109 XVI.

1472 1156 1601 1199 1364.

321 1250 543 1293 Eoetraz‘ts
563 1251 620 1293 de
640 1253 845 1304 comples
865 1249 1059 1304 relatifs
1083 1262 1146 1291 au
1166 1248 1357 1291 dernier
1376 1246 1539 1302 se’jour
1560 1251 1603 1290 et
1623 1260 1724 1290 auoe

520 1316 804 1372 sundrailles
825 1318 890 1360 du
911 1317 985 1359 roi
1004 1316 1122 1359 Jean
1143 1329 1202 1358 en
1223 1317 1518 1371 Anyleterre.

378 1419 446 1461 Ad
475 1419 721 1461 mittendum
750 1418 916 1460 domino
944 1418 1033 1473 regi
1062 1418 1244 1459 Franeie
1271 1416 1322 1458 ad
1342 1430 1372 1458 11
1390 1417 1512 1458 rohas
1541 1417 1616 1458 sibi
1649 1429 1724 1471 per

318 1487 608 1529 liberationem
636 1486 792 1528 domini
822 1486 955 1528 nostri
975 1486 1105 1541 Regis
1126 1484 1282 1540 Anglie
1308 1484 1521 1526 faciendas
1541 1488 1582 1525 et
1600 1483 1723 1526 furu-

318 1555 490 1605 randaS‚
522 1555 716 1597 videlicet
746 1567 822 1610 pro
850 1553 964 1596 festis
995 1553 1192 1596 Omnium
1214 1553 1465 1595 Sanctorum
1482 1556 1523 1594 et
1551 1551 1723 1595 Natalis

321 1623 504 1665 Domini.

376 1692 461 1733 Pro
479 1691 631 1733 eisdem
651 1690 841 1732 liberatis
861 1703 993 1745 usque
1012 1690 1054 1730 in
1081 1689 1308 1732 Franciam
1329 1688 1627 1730 intrussandis.

377 1758 440 1800 Ad
462 1758 671 1801 facturam
697 1772 727 1801 11
751 1758 962 1800 whitteles
990 1757 1040 1799 de
1063 1757 1229 1799 fustean
1256 1761 1296 1798 et
1322 1769 1383 1799 1111
1414 1756 1721 1811 pulmariorum

317 1839 560 1882 grossorum
579 1826 629 1868 de
649 1826 732 1869 tela
753 1826 802 1868 de
822 1827 969 1882 Reyns
984 1839 1059 1881 pro
1079 1826 1198 1867 lectis
1218 1825 1374 1867 domini
1391 1825 1521 1880 Regis
1539 1824 1719 1866 Francie

318 1907 394 1949 pro
413 1894 600 1937 adventu
621 1908 696 1937 suo
715 1908 847 1949 usque
867 1894 1017 1936 turrim
1037 1893 1369 1935 Londoniarum.

375 1962 439 2003 Ad
459 1962 695 2004 faciendum
716 1975 791 2004 vm
817 1961 1103 2004 couvreohiefs
1123 1961 1172 2002 de
1196 1960 1280 2002 tela
1306 1961 1467 2002 minuta
1501 1959 1550 2001 (16
1577 1961 1719 2015 Reyns

317 2042 392 2085 pro
413 2030 595 2072 adventu
618 2030 746 2085 Regis
767 2030 947 2072 Franeie
967 2042 1098 2084 usque
1119 2028 1305 2077 Eltham‚
1327 2040 1438 2071 xxvi
1456 2027 1555 2070 ulne
1577 2027 1655 2069 tele
1673 2027 1722 2069 de

321 2097 483 2153 Reyns.

378 2165 443 2207 Ad
462 2165 708 2208 mittendum
728 2165 895 2207 domino
915 2165 1024 2221 Regi
1045 2165 1225 2207 Franoie
1242 2178 1317 2220 pro
1335 2164 1447 2206 robis
1467 2164 1553 2206 suis
1574 2167 1720 2206 contra

318 2233 469 2276 festum
489 2234 652 2276 Pasehe
672 2233 722 2275 de
744 2234 993 2275 liberatione
1013 2233 1125 2288 regis
1149 2233 1315 2289 Anglie.

379 2303 464 2343 Pro
495 2301 787 2356 solempnitate
818 2301 931 2343 faeta
964 2314 1038 2357 per
1069 2314 1209 2356 regem
1235 2300 1388 2356 Anglie
1418 2301 1530 2342 eirea
1562 2300 1720 2341 obitum

319 2370 444 2425 Regis
464 2369 640 2411 Franeie
660 2369 772 2424 apud
793 2369 993 2411 Sanctum
1020 2369 1200 2411 Paulum
1222 2368 1536 2410 Londoniarum
1558 2380 1720 2409 necnon

319 2450 394 2492 pro
416 2451 588 2492 corpore
607 2437 788 2493 ejusdem
808 2438 938 2493 Regis
959 2437 1139 2479 Francie
1166 2441 1287 2478 extra
1318 2436 1532 2478 Civitatem
1554 2435 1721 2478 Londo-

321 2502 602 2547 niarum‘eum
623 2505 779 2546 torehis
801 2504 1051 2547 ducendum.

378 2572 443 2614 Ad
464 2586 591 2614 unam
613 2577 750 2614 cotani
771 2577 810 2613 et
829 2586 956 2615 unam
985 2574 1146 2615 clocam
1166 2572 1336 2628 longam
1363 2584 1457 2613 oum
1477 2571 1645 2626 caputio
1672 2571 1721 2613 de

318 2654 459 2696 panno
481 2641 601 2696 nigro
622 2641 665 2681 in
686 2653 819 2696 grano
840 2654 914 2696 pro
933 2641 1194 2683 funeralibus
1215 2639 1370 2682 domini
1388 2639 1517 2695 Regis
1538 2639 1718 2681 Franoie

320 2708 534 2750 faciendas
554 2713 594 2750 et
614 2708 880 2750 fururandas.

381 2776 443 2818 Ad
472 2776 680 2819 facturam
701 2788 725 2820 6
746 2780 935 2819 ootarum
956 2790 1050 2820 cum
1079 2781 1138 2819 tot
1159 2776 1336 2832 caputiis
1357 2775 1406 2817 de
1426 2789 1566 2831 panno
1593 2774 1718 2817 blan-
