<?xml version="1.0" encoding="UTF-8"?>
<!DOCTYPE html PUBLIC "-//W3C//DTD XHTML 1.0 Transitional//EN"
    "http://www.w3.org/TR/xhtml1/DTD/xhtml1-transitional.dtd">
<html xmlns="http://www.w3.org/1999/xhtml" xml:lang="en" lang="en">
 <head>
  <title>
</title>
<meta http-equiv="Content-Type" content="text/html;charset=utf-8" />
  <meta name='ocr-system' content='tesseract 3.04.00' />
  <meta name='ocr-capabilities' content='ocr_page ocr_carea ocr_par ocr_line ocrx_word'/>
</head>
<body>
  <div class='ocr_page' id='page_1' title='image "./chroniquedericha00lescuoft_0131.png"; bbox 0 0 2060 3345; ppageno 0'>
   <div class='ocr_carea' id='block_1_1' title="bbox 249 329 1648 376">
    <p class='ocr_par' dir='ltr' id='par_1_1' title="bbox 249 329 1648 376">
     <span class='ocr_line' id='line_1_1' title="bbox 249 329 1648 376; baseline 0 -11"><span class='ocrx_word' id='word_1_1' title='bbox 249 329 352 376; x_wconf 69' lang='lat'><strong>1342]</strong></span> <span class='ocrx_word' id='word_1_2' title='bbox 615 332 821 366; x_wconf 84' lang='lat' dir='ltr'>RIGHARDI</span> <span class='ocrx_word' id='word_1_3' title='bbox 849 332 976 365; x_wconf 85' lang='lat' dir='ltr'>SGOTI</span> <span class='ocrx_word' id='word_1_4' title='bbox 1004 332 1270 366; x_wconf 85' lang='lat' dir='ltr'>CHRONICON.</span> <span class='ocrx_word' id='word_1_5' title='bbox 1605 329 1648 365; x_wconf 79' lang='grc'>59</span> 
     </span>
    </p>
   </div>
   <div class='ocr_carea' id='block_1_2' title="bbox 243 412 1651 861">
    <p class='ocr_par' dir='ltr' id='par_1_2' title="bbox 243 412 1651 861">
     <span class='ocr_line' id='line_1_2' title="bbox 246 412 1650 477; baseline 0.001 -17"><span class='ocrx_word' id='word_1_6' title='bbox 246 419 458 477; x_wconf 79' lang='lat' dir='ltr'>recepta,</span> <span class='ocrx_word' id='word_1_7' title='bbox 501 413 657 477; x_wconf 89' lang='lat' dir='ltr'>ipsum</span> <span class='ocrx_word' id='word_1_8' title='bbox 697 413 756 460; x_wconf 93' lang='lat' dir='ltr'>de</span> <span class='ocrx_word' id='word_1_9' title='bbox 794 418 929 460; x_wconf 89' lang='lat' dir='ltr'>nocte</span> <span class='ocrx_word' id='word_1_10' title='bbox 970 413 1132 477; x_wconf 82' lang='lat' dir='ltr'>fugere</span> <span class='ocrx_word' id='word_1_11' title='bbox 1173 412 1523 476; x_wconf 88' lang='lat' dir='ltr'>compulerunt,</span> <span class='ocrx_word' id='word_1_12' title='bbox 1568 414 1650 461; x_wconf 90' lang='lat' dir='ltr'>sed</span> 
     </span>
     <span class='ocr_line' id='line_1_3' title="bbox 245 489 1647 554; baseline 0 -18"><span class='ocrx_word' id='word_1_13' title='bbox 245 490 569 538; x_wconf 87' lang='lat' dir='ltr'>nichilominus</span> <span class='ocrx_word' id='word_1_14' title='bbox 603 490 649 536; x_wconf 91' lang='lat' dir='ltr'>in</span> <span class='ocrx_word' id='word_1_15' title='bbox 681 489 966 537; x_wconf 79' lang='lat' dir='ltr'>Britanniam</span> <span class='ocrx_word' id='word_1_16' title='bbox 998 490 1340 554; x_wconf 82' lang='lat' dir='ltr'>quamplurima</span> <span class='ocrx_word' id='word_1_17' title='bbox 1367 490 1487 536; x_wconf 87' lang='lat' dir='ltr'>mala</span> <span class='ocrx_word' id='word_1_18' title='bbox 1520 490 1647 545; x_wconf 77' lang='lat' dir='ltr'>fecit,</span> 
     </span>
     <span class='ocr_line' id='line_1_4' title="bbox 245 566 1650 631; baseline 0 -17"><span class='ocrx_word' id='word_1_19' title='bbox 245 584 353 614; x_wconf 90' lang='lat' dir='ltr'>nam</span> <span class='ocrx_word' id='word_1_20' title='bbox 379 568 643 623; x_wconf 88' lang='lat' dir='ltr'>Dinantum,</span> <span class='ocrx_word' id='word_1_21' title='bbox 679 566 836 614; x_wconf 88' lang='lat' dir='ltr'>villam</span> <span class='ocrx_word' id='word_1_22' title='bbox 868 567 1155 629; x_wconf 80' lang='lat' dir='ltr'>opulentam,</span> <span class='ocrx_word' id='word_1_23' title='bbox 1193 583 1299 614; x_wconf 90' lang='lat' dir='ltr'>cum</span> <span class='ocrx_word' id='word_1_24' title='bbox 1334 566 1650 631; x_wconf 88' lang='lat' dir='ltr'>adjacentibus</span> 
     </span>
     <span class='ocr_line' id='line_1_5' title="bbox 246 643 1651 707; baseline 0.001 -17"><span class='ocrx_word' id='word_1_25' title='bbox 246 644 411 692; x_wconf 89' lang='lat' dir='ltr'>villulis</span> <span class='ocrx_word' id='word_1_26' title='bbox 428 644 651 707; x_wconf 90' lang='lat' dir='ltr'>predatus</span> <span class='ocrx_word' id='word_1_27' title='bbox 667 643 781 691; x_wconf 77' lang='lat' dir='ltr'>est1.</span> <span class='ocrx_word' id='word_1_28' title='bbox 800 646 1059 693; x_wconf 88' lang='lat' dir='ltr'>Vannetum</span> <span class='ocrx_word' id='word_1_29' title='bbox 1081 643 1220 707; x_wconf 76' lang='lat' dir='ltr'>igitur</span> <span class='ocrx_word' id='word_1_30' title='bbox 1240 645 1406 691; x_wconf 87' lang='lat' dir='ltr'>iterum</span> <span class='ocrx_word' id='word_1_31' title='bbox 1429 643 1651 692; x_wconf 90' lang='lat' dir='ltr'>obsidens</span> 
     </span>
     <span class='ocr_line' id='line_1_6' title="bbox 245 720 1650 784; baseline -0.001 -16"><span class='ocrx_word' id='word_1_32' title='bbox 245 727 291 768; x_wconf 91' lang='lat' dir='ltr'>et</span> <span class='ocrx_word' id='word_1_33' title='bbox 314 721 360 768; x_wconf 92' lang='lat' dir='ltr'>in</span> <span class='ocrx_word' id='word_1_34' title='bbox 387 721 588 784; x_wconf 81' lang='lat' dir='ltr'>quadarn</span> <span class='ocrx_word' id='word_1_35' title='bbox 614 720 804 768; x_wconf 82' lang='lat' dir='ltr'>abbacia</span> <span class='ocrx_word' id='word_1_36' title='bbox 834 736 983 784; x_wconf 85' lang='lat' dir='ltr'>prope</span> <span class='ocrx_word' id='word_1_37' title='bbox 1016 720 1245 777; x_wconf 80' lang='lat' dir='ltr'>residens,</span> <span class='ocrx_word' id='word_1_38' title='bbox 1275 737 1382 768; x_wconf 89' lang='lat' dir='ltr'>cum</span> <span class='ocrx_word' id='word_1_39' title='bbox 1405 728 1511 768; x_wconf 90' lang='lat' dir='ltr'>ante</span> <span class='ocrx_word' id='word_1_40' title='bbox 1539 721 1650 768; x_wconf 90' lang='lat' dir='ltr'>civi-</span> 
     </span>
     <span class='ocr_line' id='line_1_7' title="bbox 243 796 1566 861; baseline -0.002 -15"><span class='ocrx_word' id='word_1_41' title='bbox 243 803 387 846; x_wconf 88' lang='lat' dir='ltr'>tatem</span> <span class='ocrx_word' id='word_1_42' title='bbox 407 797 691 861; x_wconf 81' lang='lat' dir='ltr'>aliquamdiu</span> <span class='ocrx_word' id='word_1_43' title='bbox 717 797 1027 861; x_wconf 84' lang='lat' dir='ltr'>perstetisset‚</span> <span class='ocrx_word' id='word_1_44' title='bbox 1058 796 1280 844; x_wconf 85' lang='lat' dir='ltr'>suburbia</span> <span class='ocrx_word' id='word_1_45' title='bbox 1301 797 1399 861; x_wconf 89' lang='lat' dir='ltr'>ejus</span> <span class='ocrx_word' id='word_1_46' title='bbox 1425 797 1566 861; x_wconf 81' lang='lat' dir='ltr'>cepit.</span> 
     </span>
    </p>
   </div>
   <div class='ocr_carea' id='block_1_3' title="bbox 243 878 1652 1176">
    <p class='ocr_par' dir='ltr' id='par_1_3' title="bbox 243 878 1652 1176">
     <span class='ocr_line' id='line_1_8' title="bbox 311 878 1651 944; baseline -0.001 -16"><span class='ocrx_word' id='word_1_47' title='bbox 311 881 420 928; x_wconf 74' lang='lat'>445.</span> <span class='ocrx_word' id='word_1_48' title='bbox 441 885 571 929; x_wconf 89' lang='lat' dir='ltr'>—ln</span> <span class='ocrx_word' id='word_1_49' title='bbox 589 880 802 944; x_wconf 88' lang='lat' dir='ltr'>partibus</span> <span class='ocrx_word' id='word_1_50' title='bbox 822 879 1075 935; x_wconf 87' lang='lat' dir='ltr'>Britannie‚</span> <span class='ocrx_word' id='word_1_51' title='bbox 1101 878 1319 926; x_wconf 85' lang='lat' dir='ltr'>dominus</span> <span class='ocrx_word' id='word_1_52' title='bbox 1338 879 1572 928; x_wconf 88' lang='lat' dir='ltr'>Robertus</span> <span class='ocrx_word' id='word_1_53' title='bbox 1593 878 1651 926; x_wconf 91' lang='lat' dir='ltr'>de</span> 
     </span>
     <span class='ocr_line' id='line_1_9' title="bbox 243 955 1652 1021; baseline -0.002 -16"><span class='ocrx_word' id='word_1_54' title='bbox 243 958 486 1006; x_wconf 86' lang='lat' dir='ltr'>Attrabato</span> <span class='ocrx_word' id='word_1_55' title='bbox 511 974 598 1021; x_wconf 92' lang='lat' dir='ltr'>pro</span> <span class='ocrx_word' id='word_1_56' title='bbox 624 974 717 1020; x_wconf 90' lang='lat' dir='ltr'>quo</span> <span class='ocrx_word' id='word_1_57' title='bbox 738 963 784 1004; x_wconf 90' lang='lat' dir='ltr'>et</span> <span class='ocrx_word' id='word_1_58' title='bbox 812 973 900 1019; x_wconf 88' lang='lat' dir='ltr'>per</span> <span class='ocrx_word' id='word_1_59' title='bbox 925 972 1068 1019; x_wconf 87' lang='lat' dir='ltr'>quem</span> <span class='ocrx_word' id='word_1_60' title='bbox 1089 972 1235 1020; x_wconf 82' lang='lat' dir='ltr'>regno</span> <span class='ocrx_word' id='word_1_61' title='bbox 1259 956 1450 1002; x_wconf 89' lang='lat' dir='ltr'>Francie</span> <span class='ocrx_word' id='word_1_62' title='bbox 1471 955 1652 1003; x_wconf 89' lang='lat' dir='ltr'>accide-</span> 
     </span>
     <span class='ocr_line' id='line_1_10' title="bbox 244 1033 1647 1096; baseline -0.002 -14"><span class='ocrx_word' id='word_1_63' title='bbox 244 1040 349 1082; x_wconf 82' lang='lat' dir='ltr'>rant</span> <span class='ocrx_word' id='word_1_64' title='bbox 368 1035 511 1082; x_wconf 88' lang='lat' dir='ltr'>multa</span> <span class='ocrx_word' id='word_1_65' title='bbox 536 1034 673 1091; x_wconf 84' lang='lat' dir='ltr'>mala,</span> <span class='ocrx_word' id='word_1_66' title='bbox 698 1033 945 1081; x_wconf 88' lang='lat' dir='ltr'>defunctus</span> <span class='ocrx_word' id='word_1_67' title='bbox 965 1038 1036 1080; x_wconf 91' lang='lat' dir='ltr'>est</span> <span class='ocrx_word' id='word_1_68' title='bbox 1057 1039 1102 1080; x_wconf 90' lang='lat' dir='ltr'>et</span> <span class='ocrx_word' id='word_1_69' title='bbox 1120 1050 1206 1096; x_wconf 90' lang='lat' dir='ltr'>per</span> <span class='ocrx_word' id='word_1_70' title='bbox 1224 1049 1352 1080; x_wconf 86' lang='lat' dir='ltr'>mare</span> <span class='ocrx_word' id='word_1_71' title='bbox 1373 1033 1583 1081; x_wconf 77' lang='lat' dir='ltr'>defertur</span> <span class='ocrx_word' id='word_1_72' title='bbox 1603 1033 1647 1080; x_wconf 91' lang='lat' dir='ltr'>in</span> 
     </span>
     <span class='ocr_line' id='line_1_11' title="bbox 243 1110 1647 1176; baseline -0.002 -17"><span class='ocrx_word' id='word_1_73' title='bbox 243 1112 456 1176; x_wconf 82' lang='lat' dir='ltr'>Angliam</span> <span class='ocrx_word' id='word_1_74' title='bbox 481 1111 538 1158; x_wconf 91' lang='lat' dir='ltr'>ad</span> <span class='ocrx_word' id='word_1_75' title='bbox 564 1111 903 1174; x_wconf 88' lang='lat' dir='ltr'>sepeliendum,</span> <span class='ocrx_word' id='word_1_76' title='bbox 935 1110 1058 1158; x_wconf 88' lang='lat' dir='ltr'>unde</span> <span class='ocrx_word' id='word_1_77' title='bbox 1084 1127 1177 1157; x_wconf 92' lang='lat' dir='ltr'>non</span> <span class='ocrx_word' id='word_1_78' title='bbox 1204 1110 1355 1157; x_wconf 90' lang='lat' dir='ltr'>fuerat</span> <span class='ocrx_word' id='word_1_79' title='bbox 1375 1110 1647 1157; x_wconf 75' lang='lat' dir='ltr'>oriundu52.</span> 
     </span>
    </p>
   </div>
   <div class='ocr_carea' id='block_1_4' title="bbox 232 1192 1654 1947">
    <p class='ocr_par' dir='ltr' id='par_1_4' title="bbox 232 1192 1654 1947">
     <span class='ocr_line' id='line_1_12' title="bbox 311 1192 1653 1255; baseline -0.003 -13"><span class='ocrx_word' id='word_1_80' title='bbox 311 1194 470 1242; x_wconf 65' lang='lat' dir='ltr'>llio-b.</span> <span class='ocrx_word' id='word_1_81' title='bbox 514 1222 577 1230; x_wconf 92' lang='lat'>—·</span> <span class='ocrx_word' id='word_1_82' title='bbox 623 1197 737 1242; x_wconf 87' lang='lat' dir='ltr'>Cum</span> <span class='ocrx_word' id='word_1_83' title='bbox 787 1193 994 1241; x_wconf 81' lang='lat' dir='ltr'>audisset</span> <span class='ocrx_word' id='word_1_84' title='bbox 1042 1193 1233 1240; x_wconf 85' lang='lat' dir='ltr'>Francie</span> <span class='ocrx_word' id='word_1_85' title='bbox 1279 1209 1365 1239; x_wconf 84' lang='lat' dir='ltr'>rex</span> <span class='ocrx_word' id='word_1_86' title='bbox 1413 1192 1653 1255; x_wconf 85' lang='lat' dir='ltr'>Philippus</span> 
     </span>
     <span class='ocr_line' id='line_1_13' title="bbox 243 1269 1654 1335; baseline -0.002 -17"><span class='ocrx_word' id='word_1_87' title='bbox 243 1287 403 1335; x_wconf 80' lang='lat' dir='ltr'>regem</span> <span class='ocrx_word' id='word_1_88' title='bbox 428 1270 591 1335; x_wconf 83' lang='lat' dir='ltr'>Anglie</span> <span class='ocrx_word' id='word_1_89' title='bbox 624 1274 887 1320; x_wconf 88' lang='lat' dir='ltr'>Vannetum</span> <span class='ocrx_word' id='word_1_90' title='bbox 922 1269 1158 1316; x_wconf 89' lang='lat' dir='ltr'>civitatem</span> <span class='ocrx_word' id='word_1_91' title='bbox 1190 1269 1236 1316; x_wconf 89' lang='lat' dir='ltr'>in</span> <span class='ocrx_word' id='word_1_92' title='bbox 1275 1269 1508 1317; x_wconf 79' lang='lat' dir='ltr'>Britannia</span> <span class='ocrx_word' id='word_1_93' title='bbox 1543 1269 1654 1315; x_wconf 90' lang='lat' dir='ltr'>totis</span> 
     </span>
     <span class='ocr_line' id='line_1_14' title="bbox 242 1345 1653 1410; baseline -0.001 -17"><span class='ocrx_word' id='word_1_94' title='bbox 242 1347 421 1394; x_wconf 88' lang='lat' dir='ltr'>viribus</span> <span class='ocrx_word' id='word_1_95' title='bbox 457 1347 757 1410; x_wconf 74' lang='lat' dir='ltr'>impugnare,</span> <span class='ocrx_word' id='word_1_96' title='bbox 801 1346 995 1393; x_wconf 87' lang='lat' dir='ltr'>collecto</span> <span class='ocrx_word' id='word_1_97' title='bbox 1039 1345 1235 1394; x_wconf 85' lang='lat' dir='ltr'>Turonis</span> <span class='ocrx_word' id='word_1_98' title='bbox 1279 1345 1359 1392; x_wconf 92' lang='lat' dir='ltr'>ubi</span> <span class='ocrx_word' id='word_1_99' title='bbox 1402 1351 1501 1392; x_wconf 91' lang='lat' dir='ltr'>erat</span> <span class='ocrx_word' id='word_1_100' title='bbox 1546 1361 1653 1392; x_wconf 89' lang='lat' dir='ltr'>cum</span> 
     </span>
     <span class='ocr_line' id='line_1_15' title="bbox 242 1422 1648 1488; baseline -0.001 -17"><span class='ocrx_word' id='word_1_101' title='bbox 242 1424 402 1488; x_wconf 84' lang='lat' dir='ltr'>regina</span> <span class='ocrx_word' id='word_1_102' title='bbox 437 1423 646 1471; x_wconf 84' lang='lat' dir='ltr'>exercitu</span> <span class='ocrx_word' id='word_1_103' title='bbox 673 1423 882 1486; x_wconf 87' lang='lat' dir='ltr'>copioso,</span> <span class='ocrx_word' id='word_1_104' title='bbox 914 1423 1042 1470; x_wconf 89' lang='lat' dir='ltr'>venit</span> <span class='ocrx_word' id='word_1_105' title='bbox 1074 1422 1277 1471; x_wconf 87' lang='lat' dir='ltr'>Redonis</span> <span class='ocrx_word' id='word_1_106' title='bbox 1309 1422 1469 1487; x_wconf 81' lang='lat' dir='ltr'>regina</span> <span class='ocrx_word' id='word_1_107' title='bbox 1495 1428 1648 1470; x_wconf 86' lang='lat' dir='ltr'>tamen</span> 
     </span>
     <span class='ocr_line' id='line_1_16' title="bbox 242 1499 1653 1564; baseline 0 -17"><span class='ocrx_word' id='word_1_108' title='bbox 242 1501 287 1548; x_wconf 90' lang='lat' dir='ltr'>in</span> <span class='ocrx_word' id='word_1_109' title='bbox 316 1500 501 1548; x_wconf 83' lang='lat' dir='ltr'>abbatia</span> <span class='ocrx_word' id='word_1_110' title='bbox 525 1500 980 1564; x_wconf 87' lang='lat' dir='ltr'>Majorismonasterii</span> <span class='ocrx_word' id='word_1_111' title='bbox 1017 1499 1254 1547; x_wconf 87' lang='lat' dir='ltr'>derelicta.</span> <span class='ocrx_word' id='word_1_112' title='bbox 1286 1500 1470 1547; x_wconf 89' lang='lat' dir='ltr'>Habens</span> <span class='ocrx_word' id='word_1_113' title='bbox 1496 1500 1653 1563; x_wconf 86' lang='lat' dir='ltr'>itaque</span> 
     </span>
     <span class='ocr_line' id='line_1_17' title="bbox 242 1577 1653 1642; baseline -0.001 -17"><span class='ocrx_word' id='word_1_114' title='bbox 242 1577 430 1625; x_wconf 88' lang='lat' dir='ltr'>obviam</span> <span class='ocrx_word' id='word_1_115' title='bbox 456 1577 730 1633; x_wconf 84' lang='lat' dir='ltr'>cardinales,</span> <span class='ocrx_word' id='word_1_116' title='bbox 752 1593 860 1624; x_wconf 91' lang='lat' dir='ltr'>cum</span> <span class='ocrx_word' id='word_1_117' title='bbox 890 1593 945 1624; x_wconf 91' lang='lat' dir='ltr'>eo</span> <span class='ocrx_word' id='word_1_118' title='bbox 975 1577 1034 1624; x_wconf 87' lang='lat' dir='ltr'>de</span> <span class='ocrx_word' id='word_1_119' title='bbox 1060 1594 1173 1640; x_wconf 89' lang='lat' dir='ltr'>pace</span> <span class='ocrx_word' id='word_1_120' title='bbox 1201 1577 1459 1624; x_wconf 89' lang='lat' dir='ltr'>secundum</span> <span class='ocrx_word' id='word_1_121' title='bbox 1480 1577 1653 1642; x_wconf 90' lang='lat' dir='ltr'>jussio-</span> 
     </span>
     <span class='ocr_line' id='line_1_18' title="bbox 241 1653 1654 1702; baseline 0 -1"><span class='ocrx_word' id='word_1_122' title='bbox 241 1670 350 1701; x_wconf 92' lang='lat' dir='ltr'>nem</span> <span class='ocrx_word' id='word_1_123' title='bbox 391 1654 569 1701; x_wconf 86' lang='lat' dir='ltr'>Summi</span> <span class='ocrx_word' id='word_1_124' title='bbox 614 1653 848 1701; x_wconf 87' lang='lat' dir='ltr'>Pontificis</span> <span class='ocrx_word' id='word_1_125' title='bbox 887 1658 1226 1700; x_wconf 83' lang='lat' dir='ltr'>tractaverunt.</span> <span class='ocrx_word' id='word_1_126' title='bbox 1277 1654 1654 1702; x_wconf 88' lang='lat' dir='ltr'>Discurrentibus</span> 
     </span>
     <span class='ocr_line' id='line_1_19' title="bbox 232 1728 1652 1794; baseline 0 -18"><span class='ocrx_word' id='word_1_127' title='bbox 232 1728 382 1794; x_wconf 74' lang='lat' dir='ltr'>&#39;igitur</span> <span class='ocrx_word' id='word_1_128' title='bbox 414 1730 588 1778; x_wconf 90' lang='lat' dir='ltr'>nuntiis</span> <span class='ocrx_word' id='word_1_129' title='bbox 613 1729 721 1777; x_wconf 90' lang='lat' dir='ltr'>hinc</span> <span class='ocrx_word' id='word_1_130' title='bbox 749 1735 794 1777; x_wconf 92' lang='lat' dir='ltr'>et</span> <span class='ocrx_word' id='word_1_131' title='bbox 827 1729 952 1786; x_wconf 91' lang='lat' dir='ltr'>inde,</span> <span class='ocrx_word' id='word_1_132' title='bbox 985 1729 1177 1777; x_wconf 91' lang='lat' dir='ltr'>tandem</span> <span class='ocrx_word' id='word_1_133' title='bbox 1203 1735 1369 1793; x_wconf 78' lang='lat' dir='ltr'>treuge</span> <span class='ocrx_word' id='word_1_134' title='bbox 1396 1730 1441 1776; x_wconf 90' lang='lat' dir='ltr'>in</span> <span class='ocrx_word' id='word_1_135' title='bbox 1468 1730 1573 1776; x_wconf 85' lang='lat' dir='ltr'>villa</span> <span class='ocrx_word' id='word_1_136' title='bbox 1594 1729 1652 1777; x_wconf 90' lang='lat' dir='ltr'>de</span> 
     </span>
     <span class='ocr_line' id='line_1_20' title="bbox 241 1805 1653 1869; baseline -0.002 -14"><span class='ocrx_word' id='word_1_137' title='bbox 241 1807 449 1855; x_wconf 88' lang='lat' dir='ltr'>Malatret</span> <span class='ocrx_word' id='word_1_138' title='bbox 483 1805 570 1854; x_wconf 87' lang='lat' dir='ltr'>sub</span> <span class='ocrx_word' id='word_1_139' title='bbox 604 1820 704 1855; x_wconf 82' lang='lat' dir='ltr'>XVII</span> <span class='ocrx_word' id='word_1_140' title='bbox 739 1805 1085 1853; x_wconf 89' lang='lat' dir='ltr'>conditionibus</span> <span class='ocrx_word' id='word_1_141' title='bbox 1114 1821 1333 1853; x_wconf 88' lang='lat' dir='ltr'>concesse</span> <span class='ocrx_word' id='word_1_142' title='bbox 1370 1810 1480 1853; x_wconf 92' lang='lat' dir='ltr'>sunt</span> <span class='ocrx_word' id='word_1_143' title='bbox 1513 1812 1653 1869; x_wconf 84' lang='lat' dir='ltr'>prout</span> 
     </span>
     <span class='ocr_line' id='line_1_21' title="bbox 241 1883 996 1947; baseline -0.001 -16"><span class='ocrx_word' id='word_1_144' title='bbox 241 1884 286 1931; x_wconf 91' lang='lat' dir='ltr'>in</span> <span class='ocrx_word' id='word_1_145' title='bbox 313 1883 480 1931; x_wconf 89' lang='lat' dir='ltr'>litteris</span> <span class='ocrx_word' id='word_1_146' title='bbox 505 1883 688 1947; x_wconf 90' lang='lat' dir='ltr'>plenius</span> <span class='ocrx_word' id='word_1_147' title='bbox 715 1883 996 1930; x_wconf 88' lang='lat' dir='ltr'>continetur.</span> 
     </span>
    </p>
   </div>
   <div class='ocr_carea' id='block_1_5' title="bbox 238 2036 1654 2857">
    <p class='ocr_par' dir='ltr' id='par_1_5' title="bbox 240 2036 1654 2557">
     <span class='ocr_line' id='line_1_22' title="bbox 291 2036 1654 2083; baseline -0.001 -10"><span class='ocrx_word' id='word_1_148' title='bbox 291 2039 323 2073; x_wconf 83' lang='lat'>1.</span> <span class='ocrx_word' id='word_1_149' title='bbox 347 2036 399 2074; x_wconf 85' lang='lat' dir='ltr'>Ge</span> <span class='ocrx_word' id='word_1_150' title='bbox 419 2036 574 2073; x_wconf 84' lang='lat' dir='ltr'>dernier</span> <span class='ocrx_word' id='word_1_151' title='bbox 594 2036 710 2073; x_wconf 75' lang='lat' dir='ltr'>detail</span> <span class='ocrx_word' id='word_1_152' title='bbox 732 2047 780 2073; x_wconf 84' lang='lat' dir='ltr'>ne</span> <span class='ocrx_word' id='word_1_153' title='bbox 809 2047 849 2073; x_wconf 89' lang='lat' dir='ltr'>se</span> <span class='ocrx_word' id='word_1_154' title='bbox 877 2042 1012 2074; x_wconf 78' lang='lat' dir='ltr'>trouve</span> <span class='ocrx_word' id='word_1_155' title='bbox 1042 2047 1111 2083; x_wconf 84' lang='lat' dir='ltr'>pas</span> <span class='ocrx_word' id='word_1_156' title='bbox 1138 2036 1235 2073; x_wconf 87' lang='lat' dir='ltr'>dans</span> <span class='ocrx_word' id='word_1_157' title='bbox 1262 2037 1318 2074; x_wconf 82' lang='lat' dir='ltr'>les</span> <span class='ocrx_word' id='word_1_158' title='bbox 1347 2037 1509 2075; x_wconf 72' lang='lat' dir='ltr'>Grandes</span> <span class='ocrx_word' id='word_1_159' title='bbox 1539 2037 1654 2073; x_wconf 66' lang='lat' dir='ltr'>Chi-0-</span> 
     </span>
     <span class='ocr_line' id='line_1_23' title="bbox 240 2096 1652 2143; baseline 0 -11"><span class='ocrx_word' id='word_1_160' title='bbox 240 2099 382 2142; x_wconf 77' lang='lat' dir='ltr'>niques.</span> <span class='ocrx_word' id='word_1_161' title='bbox 416 2097 490 2132; x_wconf 82' lang='lat' dir='ltr'>Les</span> <span class='ocrx_word' id='word_1_162' title='bbox 528 2096 712 2132; x_wconf 84' lang='lat' dir='ltr'>environs</span> <span class='ocrx_word' id='word_1_163' title='bbox 752 2096 797 2132; x_wconf 86' lang='lat' dir='ltr'>de</span> <span class='ocrx_word' id='word_1_164' title='bbox 839 2096 968 2132; x_wconf 83' lang='lat' dir='ltr'>Dinan</span> <span class='ocrx_word' id='word_1_165' title='bbox 1014 2096 1144 2132; x_wconf 86' lang='lat' dir='ltr'>furent</span> <span class='ocrx_word' id='word_1_166' title='bbox 1190 2096 1480 2133; x_wconf 82' lang='lat' dir='ltr'>effectivement</span> <span class='ocrx_word' id='word_1_167' title='bbox 1526 2096 1652 2143; x_wconf 59' lang='lat' dir='ltr'>pules,</span> 
     </span>
     <span class='ocr_line' id='line_1_24' title="bbox 241 2155 1653 2203; baseline -0.001 -11"><span class='ocrx_word' id='word_1_168' title='bbox 241 2167 392 2192; x_wconf 87' lang='lat' dir='ltr'>comme</span> <span class='ocrx_word' id='word_1_169' title='bbox 425 2156 459 2192; x_wconf 91' lang='lat' dir='ltr'>le</span> <span class='ocrx_word' id='word_1_170' title='bbox 492 2166 637 2202; x_wconf 84' lang='lat' dir='ltr'>prouve</span> <span class='ocrx_word' id='word_1_171' title='bbox 670 2156 705 2192; x_wconf 85' lang='lat' dir='ltr'>le</span> <span class='ocrx_word' id='word_1_172' title='bbox 739 2160 889 2202; x_wconf 87' lang='lat' dir='ltr'>compte</span> <span class='ocrx_word' id='word_1_173' title='bbox 928 2155 1019 2191; x_wconf 86' lang='lat' dir='ltr'>d&#39;un</span> <span class='ocrx_word' id='word_1_174' title='bbox 1059 2156 1193 2202; x_wconf 87' lang='lat' dir='ltr'>espion</span> <span class='ocrx_word' id='word_1_175' title='bbox 1235 2155 1404 2203; x_wconf 73' lang='lat' dir='ltr'>francais</span> <span class='ocrx_word' id='word_1_176' title='bbox 1443 2166 1517 2202; x_wconf 84' lang='lat' dir='ltr'>que</span> <span class='ocrx_word' id='word_1_177' title='bbox 1554 2166 1653 2192; x_wconf 85' lang='lat' dir='ltr'>nous</span> 
     </span>
     <span class='ocr_line' id='line_1_25' title="bbox 240 2204 1652 2261; baseline 0 -11"><span class='ocrx_word' id='word_1_178' title='bbox 240 2214 419 2261; x_wconf 81' lang='lat' dir='ltr'>publions</span> <span class='ocrx_word' id='word_1_179' title='bbox 440 2215 525 2261; x_wconf 83' lang='lat' dir='ltr'>plus</span> <span class='ocrx_word' id='word_1_180' title='bbox 548 2214 639 2260; x_wconf 83' lang='lat' dir='ltr'>loin,</span> <span class='ocrx_word' id='word_1_181' title='bbox 664 2225 741 2249; x_wconf 87' lang='lat' dir='ltr'>non</span> <span class='ocrx_word' id='word_1_182' title='bbox 769 2225 838 2261; x_wconf 85' lang='lat' dir='ltr'>par</span> <span class='ocrx_word' id='word_1_183' title='bbox 857 2204 1037 2251; x_wconf 80' lang='lat' dir='ltr'>Edouard</span> <span class='ocrx_word' id='word_1_184' title='bbox 1064 2214 1122 2250; x_wconf 88' lang='grc' dir='ltr'>ΙΙΙ</span> <span class='ocrx_word' id='word_1_185' title='bbox 1150 2215 1369 2261; x_wconf 79' lang='lat' dir='ltr'>lui-meme,</span> <span class='ocrx_word' id='word_1_186' title='bbox 1398 2215 1496 2250; x_wconf 81' lang='lat' dir='ltr'>mais</span> <span class='ocrx_word' id='word_1_187' title='bbox 1525 2226 1592 2261; x_wconf 83' lang='lat' dir='ltr'>par</span> <span class='ocrx_word' id='word_1_188' title='bbox 1618 2216 1652 2251; x_wconf 89' lang='lat' dir='ltr'>le</span> 
     </span>
     <span class='ocr_line' id='line_1_26' title="bbox 242 2273 1651 2321; baseline 0 -11"><span class='ocrx_word' id='word_1_189' title='bbox 242 2279 367 2310; x_wconf 87' lang='lat' dir='ltr'>comte</span> <span class='ocrx_word' id='word_1_190' title='bbox 388 2273 434 2309; x_wconf 87' lang='lat' dir='ltr'>de</span> <span class='ocrx_word' id='word_1_191' title='bbox 456 2273 673 2321; x_wconf 81' lang='lat' dir='ltr'>Salisbury,</span> <span class='ocrx_word' id='word_1_192' title='bbox 694 2285 767 2320; x_wconf 84' lang='lat' dir='ltr'>que</span> <span class='ocrx_word' id='word_1_193' title='bbox 793 2273 869 2309; x_wconf 89' lang='lat' dir='ltr'>l’on</span> <span class='ocrx_word' id='word_1_194' title='bbox 897 2285 918 2309; x_wconf 80' lang='lat' dir='ltr'>a</span> <span class='ocrx_word' id='word_1_195' title='bbox 939 2273 960 2309; x_wconf 71' lang='lat' dir='ltr'>a</span> <span class='ocrx_word' id='word_1_196' title='bbox 982 2278 1057 2309; x_wconf 88' lang='lat' dir='ltr'>tort</span> <span class='ocrx_word' id='word_1_197' title='bbox 1085 2274 1308 2321; x_wconf 65' lang='lat' dir='ltr'>representa</span> <span class='ocrx_word' id='word_1_198' title='bbox 1339 2285 1489 2310; x_wconf 88' lang='lat' dir='ltr'>comme</span> <span class='ocrx_word' id='word_1_199' title='bbox 1516 2279 1651 2310; x_wconf 82' lang='lat' dir='ltr'>retenu</span> 
     </span>
     <span class='ocr_line' id='line_1_27' title="bbox 241 2331 1651 2380; baseline -0.002 -12"><span class='ocrx_word' id='word_1_200' title='bbox 241 2343 290 2368; x_wconf 87' lang='lat' dir='ltr'>en</span> <span class='ocrx_word' id='word_1_201' title='bbox 311 2343 354 2368; x_wconf 89' lang='lat' dir='ltr'>cc</span> <span class='ocrx_word' id='word_1_202' title='bbox 375 2338 549 2368; x_wconf 86' lang='lat' dir='ltr'>moment</span> <span class='ocrx_word' id='word_1_203' title='bbox 567 2343 616 2368; x_wconf 86' lang='lat' dir='ltr'>en</span> <span class='ocrx_word' id='word_1_204' title='bbox 632 2331 864 2379; x_wconf 80' lang='lat' dir='ltr'>Angleterre</span> <span class='ocrx_word' id='word_1_205' title='bbox 881 2343 948 2379; x_wconf 82' lang='lat' dir='ltr'>par</span> <span class='ocrx_word' id='word_1_206' title='bbox 967 2344 1022 2369; x_wconf 91' lang='lat' dir='ltr'>un</span> <span class='ocrx_word' id='word_1_207' title='bbox 1042 2338 1301 2380; x_wconf 76' lang='lat' dir='ltr'>engagement</span> <span class='ocrx_word' id='word_1_208' title='bbox 1322 2334 1651 2369; x_wconf 78' lang='lat' dir='ltr'>antc&#39;rieurement</span> 
     </span>
     <span class='ocr_line' id='line_1_28' title="bbox 241 2392 1650 2440; baseline -0.001 -12"><span class='ocrx_word' id='word_1_209' title='bbox 241 2392 319 2439; x_wconf 86' lang='lat' dir='ltr'>pris</span> <span class='ocrx_word' id='word_1_210' title='bbox 339 2403 433 2428; x_wconf 84' lang='lat' dir='ltr'>avec</span> <span class='ocrx_word' id='word_1_211' title='bbox 454 2393 488 2428; x_wconf 81' lang='lat' dir='ltr'>le</span> <span class='ocrx_word' id='word_1_212' title='bbox 512 2392 567 2429; x_wconf 85' lang='lat' dir='ltr'>roi</span> <span class='ocrx_word' id='word_1_213' title='bbox 589 2392 633 2428; x_wconf 84' lang='lat' dir='ltr'>de</span> <span class='ocrx_word' id='word_1_214' title='bbox 654 2393 802 2429; x_wconf 79' lang='lat' dir='ltr'>France</span> <span class='ocrx_word' id='word_1_215' title='bbox 828 2405 834 2427; x_wconf 91' lang='lat'>:</span> <span class='ocrx_word' id='word_1_216' title='bbox 862 2406 877 2425; x_wconf 87' lang='lat'>«</span> <span class='ocrx_word' id='word_1_217' title='bbox 905 2392 1018 2438; x_wconf 76' lang='lat' dir='ltr'>Item,</span> <span class='ocrx_word' id='word_1_218' title='bbox 1041 2393 1075 2428; x_wconf 90' lang='lat' dir='ltr'>le</span> <span class='ocrx_word' id='word_1_219' title='bbox 1101 2401 1223 2428; x_wconf 74' lang='lat' dir='ltr'>XX1111⁰</span> <span class='ocrx_word' id='word_1_220' title='bbox 1246 2393 1336 2440; x_wconf 87' lang='lat' dir='ltr'>jour</span> <span class='ocrx_word' id='word_1_221' title='bbox 1359 2393 1404 2428; x_wconf 87' lang='lat' dir='ltr'>de</span> <span class='ocrx_word' id='word_1_222' title='bbox 1432 2393 1650 2438; x_wconf 69' lang='lat' dir='ltr'>decembre,</span> 
     </span>
     <span class='ocr_line' id='line_1_29' title="bbox 241 2451 1650 2498; baseline 0 -12"><span class='ocrx_word' id='word_1_223' title='bbox 241 2462 337 2497; x_wconf 88' lang='lat' dir='ltr'>pour</span> <span class='ocrx_word' id='word_1_224' title='bbox 357 2457 486 2498; x_wconf 84' lang='lat' dir='ltr'>porter</span> <span class='ocrx_word' id='word_1_225' title='bbox 505 2451 637 2487; x_wconf 83' lang='lat' dir='ltr'>lettres</span> <span class='ocrx_word' id='word_1_226' title='bbox 657 2451 679 2486; x_wconf 73' lang='lat' dir='ltr'>a</span> <span class='ocrx_word' id='word_1_227' title='bbox 699 2451 859 2486; x_wconf 84' lang='lat' dir='ltr'>mesdits</span> <span class='ocrx_word' id='word_1_228' title='bbox 881 2451 1083 2498; x_wconf 83' lang='lat' dir='ltr'>seigneurs</span> <span class='ocrx_word' id='word_1_229' title='bbox 1104 2452 1246 2487; x_wconf 83' lang='lat' dir='ltr'>faisant</span> <span class='ocrx_word' id='word_1_230' title='bbox 1262 2452 1443 2488; x_wconf 89' lang='lat' dir='ltr'>mencion</span> <span class='ocrx_word' id='word_1_231' title='bbox 1465 2463 1574 2487; x_wconf 81' lang='lat' dir='ltr'>come</span> <span class='ocrx_word' id='word_1_232' title='bbox 1596 2452 1650 2487; x_wconf 73' lang='lat' dir='ltr'>les</span> 
     </span>
     <span class='ocr_line' id='line_1_30' title="bbox 242 2510 1647 2557; baseline -0.002 -12"><span class='ocrx_word' id='word_1_233' title='bbox 242 2510 416 2545; x_wconf 87' lang='lat' dir='ltr'>forbours</span> <span class='ocrx_word' id='word_1_234' title='bbox 445 2510 490 2546; x_wconf 93' lang='lat' dir='ltr'>de</span> <span class='ocrx_word' id='word_1_235' title='bbox 522 2510 652 2546; x_wconf 81' lang='lat' dir='ltr'>Dinan</span> <span class='ocrx_word' id='word_1_236' title='bbox 685 2510 851 2546; x_wconf 83' lang='lat' dir='ltr'>estoient</span> <span class='ocrx_word' id='word_1_237' title='bbox 882 2521 944 2545; x_wconf 83' lang='lat' dir='ltr'>ars</span> <span class='ocrx_word' id='word_1_238' title='bbox 974 2521 1039 2557; x_wconf 84' lang='lat' dir='ltr'>par</span> <span class='ocrx_word' id='word_1_239' title='bbox 1065 2510 1099 2546; x_wconf 86' lang='lat' dir='ltr'>le</span> <span class='ocrx_word' id='word_1_240' title='bbox 1130 2516 1242 2547; x_wconf 88' lang='lat' dir='ltr'>conte</span> <span class='ocrx_word' id='word_1_241' title='bbox 1269 2510 1314 2546; x_wconf 88' lang='lat' dir='ltr'>de</span> <span class='ocrx_word' id='word_1_242' title='bbox 1345 2510 1553 2546; x_wconf 83' lang='lat' dir='ltr'>Sallebiorc</span> <span class='ocrx_word' id='word_1_243' title='bbox 1561 2525 1647 2546; x_wconf 86' lang='lat'>....</span> 
     </span>
    </p>

    <p class='ocr_par' dir='ltr' id='par_1_6' title="bbox 238 2574 1648 2857">
     <span class='ocr_line' id='line_1_31' title="bbox 287 2574 1648 2621; baseline -0.001 -11"><span class='ocrx_word' id='word_1_244' title='bbox 287 2574 322 2610; x_wconf 70' lang='lat'>2.</span> <span class='ocrx_word' id='word_1_245' title='bbox 349 2574 421 2609; x_wconf 76' lang='lat' dir='ltr'>l&#39;ar</span> <span class='ocrx_word' id='word_1_246' title='bbox 442 2585 494 2610; x_wconf 83' lang='lat' dir='ltr'>un</span> <span class='ocrx_word' id='word_1_247' title='bbox 516 2580 600 2611; x_wconf 84' lang='lat' dir='ltr'>acte</span> <span class='ocrx_word' id='word_1_248' title='bbox 620 2586 708 2611; x_wconf 81' lang='lat' dir='ltr'>sous</span> <span class='ocrx_word' id='word_1_249' title='bbox 729 2586 843 2611; x_wconf 80' lang='lat' dir='ltr'>sceau</span> <span class='ocrx_word' id='word_1_250' title='bbox 865 2575 986 2621; x_wconf 72' lang='lat' dir='ltr'>privo,</span> <span class='ocrx_word' id='word_1_251' title='bbox 1005 2574 1054 2610; x_wconf 85' lang='lat' dir='ltr'>(lu</span> <span class='ocrx_word' id='word_1_252' title='bbox 1070 2574 1109 2610; x_wconf 75' lang='lat'>21</span> <span class='ocrx_word' id='word_1_253' title='bbox 1136 2574 1346 2611; x_wconf 81' lang='lat' dir='ltr'>novembro</span> <span class='ocrx_word' id='word_1_254' title='bbox 1370 2575 1472 2619; x_wconf 56' lang='lat'><strong>1349,</strong></span> <span class='ocrx_word' id='word_1_255' title='bbox 1496 2574 1582 2609; x_wconf 62' lang='lat' dir='ltr'>date</span> <span class='ocrx_word' id='word_1_256' title='bbox 1603 2574 1648 2609; x_wconf 71' lang='lat' dir='ltr'>(le</span> 
     </span>
     <span class='ocr_line' id='line_1_32' title="bbox 242 2624 1647 2680; baseline 0 -12"><span class='ocrx_word' id='word_1_257' title='bbox 242 2633 557 2680; x_wconf 78' lang='lat' dir='ltr'>Grand-Cliamp,</span> <span class='ocrx_word' id='word_1_258' title='bbox 578 2635 665 2680; x_wconf 75' lang='lat' dir='ltr'>pres</span> <span class='ocrx_word' id='word_1_259' title='bbox 688 2635 861 2678; x_wconf 65' lang='lat' dir='ltr'>Vaunes,</span> <span class='ocrx_word' id='word_1_260' title='bbox 879 2624 1057 2669; x_wconf 63' lang='lat' dir='ltr'>Edonum</span> <span class='ocrx_word' id='word_1_261' title='bbox 1078 2634 1135 2669; x_wconf 88' lang='lat' dir='ltr'>III</span> <span class='ocrx_word' id='word_1_262' title='bbox 1156 2634 1328 2669; x_wconf 76' lang='lat' dir='ltr'>mandait</span> <span class='ocrx_word' id='word_1_263' title='bbox 1350 2636 1371 2669; x_wconf 58' lang='grc' dir='ltr'>αἰ</span> <span class='ocrx_word' id='word_1_264' title='bbox 1394 2645 1462 2668; x_wconf 84' lang='lat' dir='ltr'>sou</span> <span class='ocrx_word' id='word_1_265' title='bbox 1484 2634 1647 2669; x_wconf 75' lang='lat' dir='ltr'>chance-</span> 
     </span>
     <span class='ocr_line' id='line_1_33' title="bbox 242 2691 1647 2729; baseline -0.001 -3"><span class='ocrx_word' id='word_1_266' title='bbox 242 2691 311 2727; x_wconf 83' lang='lat' dir='ltr'>lier</span> <span class='ocrx_word' id='word_1_267' title='bbox 331 2691 376 2727; x_wconf 85' lang='lat' dir='ltr'>de</span> <span class='ocrx_word' id='word_1_268' title='bbox 398 2692 491 2727; x_wconf 74' lang='lat' dir='ltr'>faire</span> <span class='ocrx_word' id='word_1_269' title='bbox 512 2698 686 2729; x_wconf 83' lang='lat' dir='ltr'>enterrer</span> <span class='ocrx_word' id='word_1_270' title='bbox 707 2705 779 2729; x_wconf 82' lang='lat' dir='ltr'>aux</span> <span class='ocrx_word' id='word_1_271' title='bbox 803 2692 936 2728; x_wconf 46' lang='lat' dir='ltr'>Fratres</span> <span class='ocrx_word' id='word_1_272' title='bbox 958 2693 1174 2729; x_wconf 80' lang='lat' dir='ltr'>Precheurs</span> <span class='ocrx_word' id='word_1_273' title='bbox 1195 2693 1240 2728; x_wconf 83' lang='lat' dir='ltr'>de</span> <span class='ocrx_word' id='word_1_274' title='bbox 1264 2693 1434 2728; x_wconf 53' lang='lat' dir='ltr'>Iiondros</span> <span class='ocrx_word' id='word_1_275' title='bbox 1452 2693 1504 2727; x_wconf 75' lang='lat' dir='ltr'>les-</span> <span class='ocrx_word' id='word_1_276' title='bbox 1527 2699 1647 2728; x_wconf 66' lang='lat' dir='ltr'>restes</span> 
     </span>
     <span class='ocr_line' id='line_1_34' title="bbox 241 2750 1645 2800; baseline 0.001 -15"><span class='ocrx_word' id='word_1_277' title='bbox 241 2750 286 2786; x_wconf 86' lang='lat' dir='ltr'>de</span> <span class='ocrx_word' id='word_1_278' title='bbox 301 2751 442 2787; x_wconf 71' lang='lat' dir='ltr'>Hubert</span> <span class='ocrx_word' id='word_1_279' title='bbox 454 2752 638 2798; x_wconf 54' lang='lat' dir='ltr'>dvxi-tois,</span> <span class='ocrx_word' id='word_1_280' title='bbox 651 2753 741 2800; x_wconf 85' lang='lat' dir='ltr'>qu&#39;il</span> <span class='ocrx_word' id='word_1_281' title='bbox 755 2752 880 2788; x_wconf 80' lang='lat' dir='ltr'>faisait</span> <span class='ocrx_word' id='word_1_282' title='bbox 894 2757 1132 2799; x_wconf 83' lang='lat' dir='ltr'>transporter</span> <span class='ocrx_word' id='word_1_283' title='bbox 1142 2764 1190 2789; x_wconf 86' lang='lat' dir='ltr'>en</span> <span class='ocrx_word' id='word_1_284' title='bbox 1202 2753 1427 2799; x_wconf 69' lang='lat' dir='ltr'>Angletcrre</span> <span class='ocrx_word' id='word_1_285' title='bbox 1440 2753 1498 2795; x_wconf 76' lang='lat' dir='ltr'>(cs.</span> <span class='ocrx_word' id='word_1_286' title='bbox 1515 2753 1645 2788; x_wconf 47' lang='lat' dir='ltr'>Pica-‚os</span> 
     </span>
     <span class='ocr_line' id='line_1_35' title="bbox 238 2810 536 2857; baseline 0.007 -11"><span class='ocrx_word' id='word_1_287' title='bbox 238 2810 536 2857; x_wconf 72' lang='lat' dir='ltr'>justificativcs).</span> 
     </span>
    </p>
   </div>
  </div>
 </body>
</html>
