2060 3345
254 286 358 330 1355]
480 290 686 322 RICHARDI
715 289 841 321 SCOTI
869 289 1077 322 CHRONICI
1106 289 1414 322 CONTINUATIO.
1611 284 1653 320 97

250 371 433 428 patrem
470 366 654 412 veniam
695 365 753 412 de
797 366 1058 413 commissis
1102 365 1190 413 sibi
1235 365 1392 412 multis
1434 364 1655 428 precibus

251 442 519 505 impetravit
531 443 543 471 ¹
558 481 566 490 .

314 520 426 568 235.
456 547 520 555 —
546 517 722 583 Anglici
748 534 834 581 per
858 518 1116 565 Picardiam
1141 524 1186 566 et
1206 517 1498 581 Aquitaniam
1524 532 1655 580 gras-

249 601 410 642 santur
434 595 679 643 hostiliter.

313 673 425 721 236.
458 699 522 707 —
553 675 651 719 Rex
685 670 870 734 Anglie,
907 671 965 718 de
998 671 1174 719 Calesio
1214 688 1360 735 usque
1394 670 1654 718 Hisdunum

246 749 459 811 equitans
484 748 727 805 hostiliter,
757 752 919 795 cuncta
953 747 1145 795 cedibus
1172 754 1218 794 et
1242 747 1466 794 incendiis
1502 747 1655 810 reple-

245 825 336 882 vit3
380 825 503 872 unde
540 825 773 872 Johannes
814 841 898 870 rex
934 824 1225 888 indignatus,
1268 824 1506 872 Ambianis
1549 840 1656 871 cum

245 902 451 948 exercitu
487 901 702 956 veniens,
740 917 824 964 per
862 901 1186 948 marescallum
1222 900 1529 948 Daudenehan
1567 900 1655 964 ipsi

242 978 343 1042 regi
363 979 524 1042 Anglie
544 978 715 1025 bellum
737 977 981 1041 personale
1003 978 1186 1034 obtulit,
1209 983 1256 1024 et
1274 978 1345 1024 cui
1368 994 1470 1025 sors
1490 976 1656 1023 trium-

244 1055 387 1118 phum
414 1055 707 1110 concederet,
733 1054 917 1101 devicto
938 1054 996 1102 ad
1021 1071 1158 1101 suum
1183 1054 1366 1101 libitum
1392 1053 1650 1109 ordinaret,

243 1131 369 1193 quod
397 1138 550 1178 tamen
577 1148 671 1178 non
697 1131 971 1194 acceptavit,
1001 1131 1159 1179 dicens
1186 1130 1311 1194 quod
1341 1130 1516 1177 ibidem
1543 1130 1655 1177 satis

243 1214 572 1271 expectaverat
607 1224 692 1254 nec
730 1208 997 1254 invasorem
1034 1213 1301 1271 repererat,
1339 1213 1384 1254 et
1417 1207 1481 1253 sic
1515 1206 1655 1253 ambo

244 1301 379 1348 reges
405 1284 463 1331 ad
489 1284 680 1348 propria
706 1283 993 1331 redierunt2.

307 1363 420 1411 237.
465 1389 529 1397 —
570 1365 667 1408 Hoc
707 1368 948 1424 tempore,
990 1360 1262 1414 Eduardus,
1310 1359 1653 1424 primogenitus

242 1438 450 1502 ejusdem
471 1438 595 1502 regis
613 1437 792 1502 Anglie,
816 1437 1110 1500 Aquitaniam
1130 1437 1337 1501 graviter
1353 1436 1648 1492 infestabatss,

242 1514 470 1577 quidquid
508 1514 654 1561 hostis
692 1513 738 1560 in
775 1514 957 1561 hostem
996 1513 1240 1561 consuevit
1277 1513 1565 1570 exercendo,
1608 1518 1653 1559 et

290 1643 323 1677 1.
345 1642 420 1678 Sur
440 1642 475 1677 la
495 1641 671 1678 nouvelle
699 1641 989 1678 reconciliation
1018 1641 1069 1676 du
1098 1641 1154 1677 roi
1176 1641 1220 1677 de
1241 1641 1408 1677 Navarra
1430 1652 1520 1677 avec
1542 1641 1575 1676 le
1597 1639 1652 1676 roi

242 1701 286 1737 de
307 1701 451 1737 France
466 1711 513 1736 en
530 1701 619 1737 ‘1355
640 1706 677 1736 et
698 1701 982 1737 l'intervention
998 1700 1043 1736 de
1064 1701 1100 1737 la
1121 1701 1224 1736 reine
1243 1701 1407 1746 Jeanne,
1426 1712 1465 1736 sa
1482 1705 1599 1745 tante,
1617 1706 1654 1735 et

238 1760 285 1795 de
305 1759 338 1795 la
366 1759 470 1795 reine
499 1759 682 1805 Blancbe,
704 1770 745 1795 sa
772 1770 887 1805 soeur,
911 1760 993 1796 voir
1014 1760 1214 1804 Secousse,
1235 1761 1388 1795 Preuves
1409 1762 1449 1795 de
1475 1759 1653 1795 l'ltz'stoc're

239 1819 280 1853 cle
310 1818 457 1854 Charles
487 1820 517 1853 le
546 1820 724 1860 Mauvais,
748 1829 784 1865 p.
810 1819 875 1855 568
897 1818 918 1854 a
940 1819 1018 1864 576,
1042 1824 1079 1855 et
1100 1818 1148 1854 H.
1173 1818 1414 1864 Moranville,
1448 1820 1518 1854 Une
1547 1822 1651 1855 lettre

239 1878 261 1912 ὰ
283 1878 430 1913 Charles
452 1879 481 1912 le
494 1877 663 1912 Mauvaz's
679 1878 781 1922 (Biha.
799 1879 839 1912 de
861 1869 988 1913 l’Ecole
1008 1879 1066 1912 cles
1086 1879 1240 1919 chartas,
1259 1877 1381 1913 annee
1397 1878 1503 1923 4888,
1519 1889 1554 1924 p.
1576 1878 1651 1923 91).

286 1935 320 1971 2.
345 1936 445 1971 Pour
475 1935 695 1972 l’itineraire
715 1936 763 1972 du
786 1936 842 1972 roi
863 1936 909 1972 de
930 1936 1073 1972 France
1101 1936 1270 1982 pendant
1298 1941 1396 1972 cette
1426 1947 1651 1984 campagne,

239 1993 286 2029 cf.
309 1994 509 2039 Froissart,
533 1994 590 2030 ed.
615 1995 731 2039 Luce,
754 1994 824 2040 IV,
846 2006 883 2041 p.
907 2007 967 2038 Lv,
990 2006 1028 2030 n.
1052 1995 1086 2030 3.

288 2053 320 2088 3.
344 2053 396 2089 Le
426 2053 632 2089 Chrom'con
664 2054 826 2099 Galsm'di
854 2055 893 2089 Le
914 2055 1031 2089 Baker
1055 2056 1096 2089 de
1121 2054 1361 2099 Swynebrolce
1382 2054 1454 2101 (ed.
1479 2054 1651 2102 Thomp-

240 2122 322 2156 son,
340 2123 375 2158 p.
394 2111 475 2152 127)
491 2111 563 2147 fixe
585 2111 618 2147 le
639 2111 773 2157 depart
794 2111 843 2147 du
865 2111 997 2158 prince
1016 2111 1062 2148 de
1083 2112 1212 2148 Galles
1233 2123 1279 2148 au
1296 2112 1316 2147 9
1332 2112 1652 2159 septembre-1355

239 2176 278 2206 et
293 2181 360 2206 son
375 2170 523 2206 arrivee
537 2181 583 2205 en
599 2170 798 2217 Gascogne
814 2181 888 2205 aux
913 2170 1096 2216 premiers
1114 2171 1219 2217 jours
1240 2171 1442 2207 d’octobre.
1459 2171 1492 2206 Il
1509 2171 1652 2207 semble

239 2229 416 2265 toutefois
446 2229 586 2276 qu’une
616 2230 720 2265 ssotte
746 2229 800 2265 ait
827 2229 886 2265 ete
908 2230 1084 2276 preparee
1105 2230 1125 2265 a
1146 2229 1428 2276 Southampton
1450 2235 1487 2265 et
1507 2233 1610 2276 prete
1631 2231 1651 2265 ’ξι

238 2289 358 2336 partir
378 2290 443 2325 des
465 2289 498 2324 le
518 2289 616 2325 mois
637 2289 682 2324 ‹le
703 2288 780 2324 mai
807 2289 1024 2335 precedent,
1046 2299 1197 2325 comme
1226 2290 1348 2335 parait
1378 2289 1584 2336 l'indiquer
1616 2290 1649 2325 le

238 2348 427 2395 fragment
447 2349 492 2383 de
513 2353 663 2394 compte
679 2348 832 2382 suivant
850 2360 856 2382 ς
878 2361 891 2380 ((
911 2347 1102 2383 Particule
1123 2348 1291 2394 compoti
1313 2348 1506 2384 Johannis
1523 2348 1649 2394 Deyn-

238 2412 360 2450 court,
382 2405 517 2441 militis
538 2405 811 2441 subadmiralle
834 2406 908 2450 (sic)
933 2405 1022 2441 flote
1043 2405 1203 2441 navium
1227 2406 1344 2451 Regis
1366 2417 1497 2442 versus
1525 2412 1649 2452 partes

237 2465 414 2511 boriales,
436 2465 563 2501 euntis
583 2465 624 2500 in
644 2464 826 2501 comitiva
847 2464 1029 2511 principis
1046 2464 1191 2500 Wallie
1211 2476 1342 2500 versus
1364 2472 1489 2512 partes
1506 2466 1648 2501 Vasco-

238 2524 346 2561 nie...
369 2525 416 2560 ab
437 2524 573 2560 ultimo
595 2524 656 2560 die
677 2524 771 2559 maii
800 2535 902 2560 anno
924 2532 1028 2559 xx1x⁰
1050 2535 1170 2570 usque
1191 2535 1278 2560 xxv1
1299 2524 1398 2560 diem
1431 2524 1648 2560 novembris

238 2583 412 2630 proximo
433 2589 668 2630 sequentem.
685 2604 727 2609 —
740 2584 911 2628 Empense.
930 2582 1037 2618 Idem
1054 2588 1252 2630 computat
1264 2583 1305 2618 in
1320 2583 1444 2619 vadiis
1461 2583 1583 2617 suis...
1603 2582 1648 2617 al»

238 2642 376 2678 ultimo
392 2642 454 2678 die
468 2642 561 2678 maii
581 2654 682 2678 anno
698 2649 804 2678 xxlx⁰
819 2653 893 2688 quo
908 2641 969 2677 dic
984 2641 1056 2677 iter
1073 2653 1185 2677 suum
1207 2642 1369 2688 arripuit
1384 2641 1429 2676 dc
1445 2641 1649 2686 Sutlianip-

240 2705 306 2737 ton
320 2712 449 2737 versus
464 2707 588 2748 partes
603 2701 794 2738 Vasconie
810 2702 848 2737 in
864 2701 1045 2737 comitiva
1062 2701 1222 2747 predicti
1238 2700 1466 2748 principis...
1486 2711 1606 2735 ccxvii
1623 2699 1645 2734 l.

240 2772 277 2797 x1
294 2771 323 2796 S.
341 2772 389 2796 vu
404 2760 440 2797 d.
460 2775 474 2795 »
493 2761 600 2803 (Rec.
623 2762 703 2809 off.,
724 2762 833 2798 Eoech.
857 2762 973 2806 Navy,
995 2760 1152 2808 603s13).
1174 2761 1276 2797 Pour
1298 2759 1519 2796 l’itvinerairo
1539 2766 1575 2795 et
1597 2760 1648 2794 les

408 2831 421 2862 1
1487 2826 1504 2861 7
