2060 3345
747 256 1085 288 INTRODUGTION.
1539 264 1614 288 xxv

216 336 241 379 a
271 338 460 393 corriget·
485 339 590 378 cette
619 348 779 385 erreur‚
809 341 850 378 et
878 350 985 391 pour
1009 337 1048 378 le
1074 340 1182 379 reste
1202 335 1415 392 reproduit
1439 349 1617 392 presque

215 414 533 455 textuellement
552 413 590 453 le
611 415 725 453 texte
746 412 794 453 de
815 411 975 455 Gerard
997 414 1046 455 de
1067 414 1100 454 F
1103 414 1247 455 rachet
1272 427 1279 454 :

274 507 296 528 ‹<
319 490 443 531 Anno
474 489 639 532 Domini
669 488 901 538 MCCLXI,
935 490 978 530 in
1008 490 1110 532 festo
1142 490 1284 532 Sancti
1316 489 1479 532 Urbani
1507 503 1616 545 pape

213 567 315 608 obiit
351 566 464 622 apud
496 566 737 608 Viterbium
777 565 1022 607 Alexander
1056 580 1166 621 papa
1206 567 1271 609 IV
1307 567 1375 608 cui
1414 567 1615 608 successit

214 644 412 685 Urbanus
447 643 532 684 IIII
570 642 738 684 natione
770 641 982 690 Gallicus,
1021 642 1070 684 de
1105 643 1275 685 civitate
1309 643 1504 685 Trecensi
1518 675 1528 693 ,
1562 656 1616 685 ex

212 720 456 774 patriarcha
479 718 905 773 Hierosolymitano1.
934 736 954 755 »

270 796 305 837 ΙΙ
331 810 361 851 y
388 809 413 837 a
443 796 527 837 lieu
557 795 606 837 de
635 795 740 837 faire
765 794 826 836 les
855 793 1008 837 memes
1036 795 1328 838 observations
1353 810 1408 839 au
1434 796 1541 853 sujet
1567 796 1617 838 de

210 871 419 915 l'election
439 872 494 914 du
512 886 619 927 pape
639 870 828 914 Clement
850 872 953 914 IV2.

269 949 333 991 On
355 963 379 991 3
400 949 475 990 fait
492 949 686 990 ressortIr
705 949 765 990 les
785 948 1112 990 ressemblances
1133 950 1205 1004 qui
1225 950 1422 1000 existent,
1446 963 1497 991 en
1518 962 1615 992 cer-

210 1026 321 1068 tains
341 1038 558 1081 passages,
582 1030 701 1066 entre
721 1024 759 1065 le
779 1028 894 1066 texte
914 1024 964 1066 de
983 1025 1142 1066 Martin
1161 1025 1210 1067 de
1229 1027 1425 1081 Troppau
1446 1031 1486 1068 et
1505 1027 1614 1069 celui

209 1102 259 1144 de
276 1100 438 1144 Gerard
458 1101 507 1143 de
529 1102 724 1144 Frachet.
750 1102 875 1151 Mais,
901 1101 925 1143 a
946 1103 1081 1144 moins
1102 1102 1348 1145 d‘admettre
1368 1103 1615 1145 l’existence

209 1178 333 1221 d’une
354 1192 502 1220 source
520 1192 754 1227 commune,
779 1192 832 1220 on
856 1192 906 1219 ne
926 1180 1088 1220 saurait
1108 1177 1331 1234 pretendre
1351 1193 1430 1234 que
1451 1178 1614 1222 Ger-ard

208 1255 258 1297 de
274 1256 458 1297 Frachet
472 1269 514 1296 se
530 1255 609 1297 soit
626 1255 783 1310 inspire
798 1255 847 1296 de
864 1256 1039 1297 Martin.
1059 1256 1154 1297 Non
1172 1256 1415 1305 seulement,
1434 1270 1484 1298 en
1503 1254 1612 1305 esset,

209 1333 238 1373 il
260 1336 321 1374 est
339 1336 447 1374 mort
467 1335 557 1387 sept
576 1346 652 1374 ans
672 1336 806 1374 avant
820 1345 866 1374 ce
883 1332 1065 1382 dernier,
1087 1334 1193 1375 mais
1209 1333 1251 1375 la
1271 1333 1447 1375 seconde
1464 1331 1616 1375 redac-

209 1410 295 1451 tion
320 1409 369 1451 de
397 1422 443 1450 sa
465 1408 708 1464 Chronique
732 1409 836 1451 etait
863 1409 1064 1451 terminee
1089 1423 1141 1451 en
1173 1409 1303 1459 1271,
1327 1423 1486 1451 comme
1512 1423 1616 1451 nous

208 1485 375 1527 l‘avons
400 1483 581 1535 mentre,
607 1485 721 1527 alors
742 1499 822 1540 que
841 1485 880 1527 la
909 1485 1111 1540 premiere
1135 1484 1352 1528 redacticn
1380 1486 1429 1528 de
1456 1486 1616 1528 Martin

207 1562 256 1604 de
277 1563 473 1617 Troppau
493 1561 597 1604 etait
617 1561 641 1603 a
662 1563 783 1617 peine
804 1560 1027 1604 acheveess.
1052 1563 1156 1611 Quoi
1180 1562 1283 1617 qu’il
1302 1576 1352 1603 en
1375 1563 1469 1613 soit,
1490 1577 1543 1604 on
1565 1576 1615 1604 ne

207 1643 306 1694 peut
341 1639 430 1680 nier
462 1651 542 1694 que
580 1638 822 1680 Guillaume
859 1639 908 1680 de
943 1639 1110 1694 Nangis
1142 1639 1203 1680 ait
1235 1653 1374 1681 connu
1405 1644 1445 1681 et
1476 1638 1617 1681 utilise

205 1714 478 1758 directement
491 1715 700 1770 plusieurs
720 1728 921 1771 passages
936 1715 985 1756 de
1002 1715 1044 1757 la
1064 1715 1332 1770 Chronique
1351 1717 1407 1758 de
1428 1715 1617 1759 Ge'rard

205 1793 263 1835 de
285 1793 499 1834 Fraelzet.
524 1791 636 1834 C’est
660 1793 776 1834 aussi
801 1796 908 1834 cette
928 1792 1171 1847 Chronique
1193 1806 1272 1847 que
1300 1792 1384 1834 l'on
1413 1794 1613 1836 continua

206 1868 230 1910 a
252 1869 524 1911 Saint-Denis
544 1868 686 1924 quand
714 1883 767 1911 on
794 1883 824 1924 y
844 1874 915 1910 eut
934 1868 1056 1910 l'idee
1081 1869 1130 1911 de
1151 1870 1254 1911 tirer
1274 1870 1385 1926 parti
1409 1869 1481 1911 des
1501 1870 1615 1912 Con—

205 1946 438 1987 tinuations
458 1946 507 1987 de
526 1947 686 1988 Martin
707 1946 757 1988 de
776 1947 987 2001 Troppau.

254 2085 284 2118 1.
309 2084 410 2119 Gesta
430 2083 560 2118 Sancti
582 2084 752 2118 Ludovicz·
773 2084 877 2127 (msc.
906 2086 946 2118 de
969 2085 1114 2123 Franco,
1141 2088 1168 2118 t.
1193 2083 1285 2129 XX,
1309 2094 1344 2130 p.
1367 2084 1463 2129 440).
1487 2104 1533 2109 -
1554 2084 1610 2119 Cf.

207 2140 414 2184 Chronique
433 2142 473 2175 de
494 2141 706 2177 Guillawne
725 2143 766 2175 sle
787 2142 941 2186 Minyis,
967 2147 992 2176 t.
1016 2141 1048 2187 Ι,
1072 2152 1107 2187 p.
1128 2141 1209 2177 22⁶2.

250 2199 284 2235 Ξ.
310 2213 324 2232 «
349 2199 529 2235 Urbanus
551 2211 645 2246 papa
672 2200 712 2234 in
742 2199 835 2235 festo
867 2201 967 2236 beati
994 2201 1178 2236 Ieronimi
1206 2201 1379 2237 moritur.
1404 2201 1451 2236 Et
1472 2206 1555 2248 post
1574 2202 1613 2237 in

204 2258 298 2294 festo
320 2258 458 2294 Sancte
478 2258 630 2303 Agathe
652 2259 779 2294 Guido
807 2258 1031 2295 Sabinensis
1058 2260 1260 2306 episcopus
1286 2259 1442 2307 eligitur
1469 2265 1506 2296 et
1526 2261 1611 2297 Cle-

204 2328 312 2353 mens
337 2317 449 2353 IIIIus
478 2323 535 2353 est
563 2322 755 2353 vocatus»
794 2317 908 2361 (Bibl.
944 2323 1039 2362 nat„
1070 2318 1133 2354 lat.
1166 2318 1286 2363 5005c,
1317 2318 1381 2354 fol.
1414 2319 1485 2365 88).
1510 2319 1609 2365 Voy.

203 2376 303 2412 Gesta
324 2376 362 2412 S.
387 2377 555 2412 Ludovz'cz·
577 2378 681 2420 (Hist.
703 2378 743 2411 de
774 2378 924 2420 France,
947 2381 973 2412 t.
997 2376 1093 2424 XX,
1115 2388 1150 2423 p.
1174 2377 1255 2424 440)
1278 2382 1315 2413 et
1342 2379 1550 2423 Chronc'que
1570 2380 1612 2413 de

202 2435 412 2471 Guillaume
431 2437 472 2470 de
492 2437 645 2481 Nanqz's,
673 2441 698 2470 t.
722 2435 754 2480 I,
779 2447 813 2481 p.
837 2435 921 2472 227.

250 2493 282 2529 3.
306 2495 402 2529 Mon.
429 2495 545 2531 Germ.
569 2496 668 2535 hist„
695 2500 720 2530 t.
744 2494 881 2539 XXII,
904 2505 939 2540 p.
964 2494 1046 2531 383.
