2060 3345
405 315 467 350 llll
639 318 843 350 RlClIARDl
873 316 999 348 SCOTI
1027 315 1234 347 CHRONICI
1263 315 1569 347 CONTINUATlO.
1694 313 1796 359 [1357

466 397 576 444 257.
616 421 679 430 —-
710 394 806 439 Rex
841 392 1044 438 Navarre
1079 391 1373 439 deliberatur.
1409 419 1473 427 —-
1507 391 1701 438 Karolus
1740 392 1798 439 de

400 470 627 525 Ebroicis,
677 485 759 514 rex
801 470 1028 522 Navarre,
1078 483 1220 529 opere
1264 473 1309 514 et
1352 466 1578 514 industria
1622 467 1797 514 domini

397 544 615 593 Johannis
652 543 708 589 de
745 541 1058 605 Piquigniaco,
1092 542 1163 588 cui
1199 559 1282 588 rex
1313 542 1502 588 Francie
1540 542 1797 589 custodiam

397 619 563 666 Artesii
594 618 838 664 comitatus
873 618 1185 675 commiserat,
1221 617 1308 664 sibi
1334 617 1658 665 auxiliantibus
1696 617 1797 680 qui-

398 694 593 741 busdam
632 693 810 741 civibus
859 693 1271 749 Ambianensibus,
1323 693 1381 740 de
1430 699 1583 741 castro
1632 702 1797 740 vocato

395 769 603 826 Alleuff,
645 770 690 816 in
725 769 1043 818 Cameracensi
1077 769 1316 816 territorio
1347 776 1631 825 constructo,
1671 768 1798 832 regis

394 845 584 892 Francie
617 851 663 892 et
696 846 826 892 ducis
863 845 1128 908 irrequisito
1163 862 1372 901 assensu,
1410 846 1675 892 liberatur2.
1712 845 1796 902 Qui

394 921 632 969 Ambianis
657 921 910 968 honorifice
933 927 1166 984 receptus,
1196 927 1241 967 et
1267 921 1444 984 regiam
1470 921 1795 968 auctoritatem

393 998 684 1061 usurpando,
731 997 942 1060 captivos
977 997 1021 1043 in
1058 997 1301 1061 ergastulis
1336 997 1476 1060 regiis
1510 1004 1556 1045 et
1590 997 1795 1061 episcopi

392 1075 611 1131 liberans,
641 1074 840 1127 interim,
867 1073 979 1120 dum
1005 1073 1214 1120 miserias
1238 1079 1284 1120 et
1309 1089 1400 1135 que
1427 1090 1677 1136 perpessus
1698 1073 1796 1120 fue-

391 1157 464 1198 rat
497 1156 565 1206 et,
604 1157 654 1197 ut
688 1149 949 1206 asserebat,
995 1149 1092 1196 sine
1130 1165 1289 1204 causa,
1330 1149 1504 1212 populo
1535 1155 1792 1206 enarraret,

392 1226 579 1273 domina
599 1226 758 1290 regina
774 1226 997 1281 Johanna,
1021 1225 1118 1289 ejus
1133 1231 1398 1281 matertera,
1417 1233 1462 1273 et
1480 1227 1638 1290 regina
1659 1227 1792 1273 Blan-

390 1303 491 1359 cha,
515 1302 613 1366 ejus
634 1319 785 1359 soror,
810 1318 919 1365 erga
940 1301 1104 1349 ducem
1125 1301 1305 1348 vallidis
1325 1302 1625 1349 obtinuerunt
1645 1303 1795 1365 preci-

392 1378 478 1425 bus
510 1384 560 1425 ut
592 1378 650 1425 ad
684 1394 791 1425 eum
823 1377 1070 1424 accedere3
1101 1383 1277 1439 posset,
1317 1382 1363 1423 et
1394 1384 1589 1440 propter
1613 1377 1794 1425 viarum

392 1455 613 1517 pericula,
632 1455 677 1501 in
692 1454 834 1501 armis
849 1459 894 1500 et
906 1453 1100 1500 vallatus
1113 1453 1245 1515 copia
1262 1453 1470 1517 pugilum
1486 1460 1790 1502 armatorum.

393 1534 490 1588 Quo
509 1547 747 1586 concesso,
767 1530 824 1577 de
842 1530 1033 1577 consilio
1055 1530 1260 1593 episcopi
1281 1530 1597 1578 Laudunensis
1616 1536 1661 1577 et
1679 1548 1794 1593 quo-

393 1608 608 1654 rumdam
651 1607 953 1670 burgensium
995 1606 1348 1661 parisiensium,
1393 1607 1520 1654 salvo
1564 1607 1793 1654 conductu

391 1700 636 1739 concesso,
680 1700 825 1745 usque
863 1683 920 1729 ad
959 1688 1168 1729 sanctum
1204 1684 1482 1729 Germanum
1525 1682 1582 1729 de
1625 1683 1789 1738 Pratis‚

391 1759 508 1806 duce
540 1759 751 1822 jubente,
792 1758 1044 1804 honorifice
1082 1765 1300 1820 receptus
1339 1763 1427 1804 est.
1466 1757 1675 1805 Secunda
1717 1757 1791 1804 die

391 1841 639 1889 transacta,
678 1835 723 1880 in
754 1840 889 1896 prato
919 1833 1184 1897 propinquo
1219 1833 1402 1880 abbatie
1434 1834 1539 1881 fecit
1568 1834 1792 1897 populum

392 1911 576 1958 evocari
602 1916 648 1957 et
674 1926 760 1972 pro
786 1910 1013 1956 themate4
1035 1925 1277 1956 assumens
1299 1927 1307 1955 z
1330 1909 1486 1956 Justus
1513 1909 1730 1956 Dominus
1752 1916 1794 1956 et

387 1988 595 2049 justitias
628 1986 791 2033 dileoez‘t
815 1992 859 2032 et
883 1991 1054 2041 cetera,
1089 1986 1154 2032 sic
1185 1986 1420 2049 eleganter
1444 1992 1489 2032 et
1514 1986 1791 2049 prolixiose5

391 2063 687 2126 injustissime
707 2068 953 2109 tractatum
974 2062 1114 2108 fuisse
1132 2062 1365 2124 exposuit,
1388 2062 1513 2124 quod
1534 2078 1624 2108 non
1643 2062 1792 2109 solum

392 2145 633 2201 presentes
658 2138 717 2186 ad
744 2138 954 2185 lacrimas
992 2138 1227 2195 excitavit,
1259 2138 1340 2184 sed
1371 2145 1422 2184 ut
1457 2138 1647 2185 domino
1688 2138 1791 2185 duci

391 2221 637 2278 poscerent
665 2230 749 2277 per
774 2231 827 2261 os
852 2214 1060 2277 magistri
1086 2213 1276 2261 Roberti
1309 2213 1367 2260 de
1401 2213 1597 2262 Corbeia
1627 2219 1677 2261 ut
1705 2214 1793 2276 ipsi

441 2361 473 2395 1.
495 2358 661 2405 Arleux,
682 2359 800 2404 Nord,
823 2370 898 2396 arr.
921 2359 964 2396 de
986 2359 1125 2396 Douai.

439 2417 472 2453 2.
496 2417 655 2463 D⁷apres
688 2418 742 2453 les
775 2419 934 2454 Grandes
966 2418 1190 2462 Chroniques
1224 2418 1268 2463 (t.
1299 2416 1374 2462 VI,
1404 2428 1439 2463 p.
1472 2416 1557 2463 63),
1592 2418 1626 2453 16
1660 2417 1714 2454 roi
1748 2417 1793 2453 de

393 2475 564 2512 Navarre
594 2476 648 2511 fut
676 2475 819 2510 delivre
849 2476 883 2511 16
910 2476 929 2511 8
956 2475 1164 2512 novembre
1192 2475 1296 2511 1357.
1319 2475 1379 2510 En
1407 2475 1510 2520 1365,
1532 2475 1559 2510 il
1585 2475 1744 2512 donnait
1771 2476 1793 2511 a

392 2534 492 2570 Jean
513 2534 558 2570 de
579 2534 806 2581 Picquigny,
829 2545 877 2569 en
906 2535 1226 2570 reconnaissance
1252 2534 1297 2569 de
1326 2544 1369 2569 ce
1390 2534 1551 2580 service,
1574 2534 1608 2570 le
1629 2535 1791 2571 chateau

393 2592 438 2629 de
460 2592 692 2629 Tinchebrai
716 2592 775 2637 (cf.
801 2593 1006 2638 Chronique
1028 2594 1242 2634 normande,
1266 2603 1302 2639 p.
1326 2592 1406 2636 309,
1430 2603 1468 2628 n.
1490 2593 1538 2639 2).

442 2651 475 2687 3.
498 2651 570 2686 ΜΞ.
594 2653 785 2687 accederet.

444 2712 476 2745 4.
502 2711 572 2746 Ms.
597 2712 780 2746 thenante.

446 2770 478 2804 5.
504 2770 573 2805 Ms.
592 2770 842 2815 prolixiorise.
