2060 3345
214 310 317 355 1333]
581 311 786 345 RICHARDI
815 312 942 345 SGOTI
970 312 1239 346 GHRONICON.
1572 310 1614 346 33

210 390 371 455 Anglie
397 397 448 439 ut
468 392 622 455 ipsum
645 389 703 437 de
728 406 874 454 regno
894 391 1044 439 Scotie
1070 391 1116 438 in
1143 390 1412 455 homagium
1437 390 1616 455 recipe-

210 474 305 523 ret,
344 468 471 531 quod
506 474 551 516 et
583 467 712 524 fecit,
751 467 1000 530 oblitisque
1035 468 1329 531 pactionibus
1359 484 1476 531 quas
1510 483 1617 515 cum

208 545 414 593 Roberto
435 544 492 591 de
513 548 638 592 Brux
657 560 766 607 rege
793 545 1038 591 Scotorum
1060 545 1302 602 habuerat,
1327 561 1457 591 arma
1480 560 1617 607 para-

208 621 275 668 vit
315 627 478 668 contra
517 623 678 668 Scotos
716 626 766 667 ut
801 620 956 683 ipsum
994 620 1264 669 Eduardum
1297 620 1440 685 regni
1466 621 1617 668 Scotie

207 704 404 760 poneret
423 697 470 743 in
496 697 730 744 saisinam.
756 697 879 744 Scoti
903 696 1062 761 igitur,
1084 714 1133 745 se
1158 697 1408 745 defendere
1428 697 1619 761 cupien-

206 781 294 831 tes,
332 780 376 822 et
403 779 564 821 contra
585 773 802 837 Anglicos
838 774 895 821 ad
923 774 1123 837 prelium
1150 782 1392 830 exeuntes,
1419 775 1618 822 finaliter

206 852 375 900 devicti
410 857 534 907 sunt,
570 850 782 914 pluribus
817 851 982 915 captis,
1019 852 1377 915 quamplurimis
1402 851 1617 899 interfec-

205 927 314 975 tis¹.
345 927 514 976 Civitas
541 927 688 975 eciam
714 927 772 974 de
791 929 970 991 Beroyc
995 927 1255 990 proditorie
1276 934 1411 992 capta
1431 927 1534 985 fuit,
1565 933 1616 975 ut

204 1004 336 1052 multi
357 1010 520 1067 postea
540 1003 819 1051 retulerunt.

270 1083 349 1128 77.
378 1109 442 1116 —
469 1081 583 1143 Cap.
618 1079 845 1128 CLXXVI
857 1096 900 1128 a.
922 1109 985 1117 —
1011 1081 1266 1145 Philippus,
1297 1098 1380 1128 rex
1404 1080 1611 1137 Francie,

203 1157 364 1205 decem
385 1173 527 1205 naves
548 1156 690 1204 armis
708 1156 1079 1221 victualibusque
1103 1158 1305 1206 munitas
1324 1158 1372 1205 in
1393 1157 1613 1206 auxilium

201 1236 448 1282 Scotorum
470 1232 611 1280 misit.
633 1232 723 1281 Sed
743 1239 884 1280 vento
902 1234 1168 1297 impellente
1187 1234 1233 1281 in
1250 1234 1385 1291 mari,
1404 1250 1488 1281 nec
1506 1249 1614 1297 per-

202 1311 361 1358 venire
388 1310 595 1358 valentes
623 1310 682 1358 ad
707 1316 920 1373 optatum
946 1317 1156 1374 portum,
1179 1311 1304 1375 apud
1334 1316 1527 1374 portum
1554 1310 1614 1357 de

199 1389 356 1437 Sclusa
396 1389 441 1435 in
480 1387 693 1436 Flandria
727 1388 1033 1452 appulerunt,
1070 1388 1228 1452 ibique
1266 1389 1467 1436 venditis
1504 1405 1613 1452 ymo

200 1465 331 1528 quasi
369 1465 588 1513 omnibus
632 1465 891 1528 dissipatis,
938 1466 1156 1513 effectum
1201 1465 1377 1514 nullum
1424 1465 1612 1529 penitus

199 1542 513 1590 habuerunt2.

265 1622 344 1667 78.
377 1648 441 1656 -
473 1623 570 1667 Hoc
595 1636 717 1667 anno
748 1619 833 1667 fuit
864 1620 1076 1668 fertilitas
1102 1625 1229 1667 tanta
1258 1620 1351 1667 vini
1379 1626 1429 1667 ut
1455 1625 1610 1668 sexta-

197 1695 321 1744 rium
348 1695 509 1744 mundi
540 1695 634 1742 vini
670 1701 716 1742 et
751 1695 862 1742 clari
898 1712 987 1759 pro
1021 1695 1228 1759 quinque
1259 1696 1486 1753 denariis,
1529 1696 1610 1743 ali-

197 1773 385 1836 quando
411 1789 498 1836 pro
524 1772 693 1819 minori
719 1772 895 1836 precio,
926 1772 1179 1820 haberetur
1197 1773 1232 1818 3.

263 1850 392 1897 79-b.
419 1878 483 1886 —
509 1851 622 1897 Cum
645 1849 850 1897 Delfinus
871 1849 929 1896 de
946 1849 1137 1905 Vienna,
1164 1848 1357 1897 dimisso
1378 1849 1605 1906 exercitu,

196 1925 435 1989 quoddam
464 1931 671 1974 castrum
696 1925 879 1974 comitis
907 1925 1136 1974 Sabaudie
1172 1925 1299 1988 quod
1329 1926 1603 1983 obsedebat‚

245 2087 277 2122 1.
301 2086 374 2122 Les
388 2075 569 2123 Ecossais
582 2085 711 2121 furent
725 2085 853 2121 battus
874 2086 961 2132 pres
976 2085 1021 2121 de
1040 2085 1231 2131 Berwick‚
1249 2085 1282 2121 le
1298 2086 1341 2121 49
1359 2085 1485 2132 juillet
1502 2085 1605 2122 1333.

196 2145 250 2181 Le
270 2145 314 2181 22
332 2144 472 2191 juillet,
494 2135 673 2180 Edouard
693 2143 751 2179 III
772 2143 955 2190 envoyait
985 2143 1051 2180 des
1081 2144 1213 2181 lettres
1234 2144 1256 2179 a
1277 2149 1363 2180 tous
1389 2144 1444 2181 les
1473 2144 1608 2181 arche-

196 2205 339 2251 veques
360 2209 397 2240 et
418 2204 584 2251 eveques
605 2203 874 2250 d'Angleterre
904 2214 1000 2249 pour
1029 2203 1084 2239 les
1113 2202 1299 2239 informer
1319 2203 1364 2240 de
1386 2214 1429 2239 sa
1449 2203 1607 2240 victoirc

196 2263 373 2310 (Rymer‚
396 2262 444 2299 R.
469 2263 520 2309 ΙΙ,
542 2275 578 2309 p.
602 2274 640 2309 11,
664 2262 759 2308 866).

243 2321 277 2358 2.
302 2322 353 2359 Le
369 2324 387 2358 7
404 2322 481 2358 mai
499 2322 602 2368 1333,
620 2322 654 2358 le
671 2322 725 2357 roi
745 2321 1016 2368 d’Angleterre
1036 2322 1237 2369 prevenait
1258 2322 1292 2357 le
1314 2322 1369 2358 roi
1390 2321 1436 2358 de
1457 2322 1607 2359 France

196 2382 310 2429 qu’en
338 2382 522 2428 presence
551 2381 618 2417 des
644 2381 872 2417 infractions
902 2380 924 2416 ἐι
953 2381 989 2417 la
1014 2381 1103 2428 paix
1133 2381 1372 2418 re'ccmment
1400 2382 1606 2418 commises

194 2441 332 2487 parles
348 2431 540 2486 Ecossais⁷
556 2441 582 2476 il
598 2452 638 2477 se
654 2440 783 2488 voyait
799 2440 924 2487 oblige
939 2439 1192 2477 d’intervenir
1206 2451 1255 2476 en
1268 2430 1413 2477 Ecosse
1431 2440 1607 2488 (Rymer,

196 2505 298 2536 tome
319 2501 371 2546 Π,
394 2512 429 2547 p.
452 2513 491 2546 11,
513 2502 609 2542 860).

244 2560 277 2596 3.
303 2574 318 2593 «
343 2560 451 2604 Quod
473 2560 686 2596 sextarium
708 2559 788 2596 vini
809 2558 943 2594 mundi
971 2564 1008 2595 et
1035 2560 1129 2595 clari
1150 2559 1352 2595 denarium
1376 2560 1607 2597 venderetur

197 2623 234 2654 et
255 2618 461 2665 aliquando
481 2631 549 2666 pro
569 2619 712 2655 minori
733 2619 855 2666 pretio
877 2618 1083 2655 haberetur
1101 2632 1115 2652 »
1136 2618 1301 2663 (Gontin.
1321 2618 1366 2655 de
1388 2619 1607 2655 Guillanmo

196 2677 242 2713 de
269 2677 430 2725 Nangis,
452 2684 479 2714 t.
502 2678 553 2723 ΙΙ,
576 2690 612 2726 p.
637 2679 736 2723 140);
759 2698 805 2704 -—
828 2692 844 2711 «
867 2688 940 2724 que
971 2677 1046 2713 l'en
1076 2678 1179 2714 avoit
1208 2690 1261 2714 un
1292 2679 1435 2714 sexticr
1464 2678 1510 2714 dc
1542 2679 1607 2715 vin

198 2736 289 2783 cler,
310 2737 399 2783 bon,
422 2743 486 2774 net
515 2743 552 2774 et
580 2738 679 2783 sain,
703 2749 797 2784 pour
823 2737 912 2784 cinq
935 2744 972 2773 ct
993 2737 1051 2773 six
1072 2737 1225 2774 deniers
1250 2751 1265 2772 »
1288 2739 1464 2782 (Grandes
1494 2739 1605 2774 (viro-

199 2797 340 2840 niqucs,
364 2800 389 2832 t.
415 2796 463 2842 V,
489 2807 523 2842 p.
550 2796 645 2837 354).

341 2861 354 2891 1
1446 2855 1465 2891 3
