2060 3345
265 309 366 354 1275]
605 310 811 343 CHRONICI
839 311 969 342 PRIMA
998 310 1302 342 CONTINUATIO.
1595 305 1661 341 185

261 397 410 438 tentes
436 391 666 438 invaserat
691 396 737 436 et
762 389 828 435 eis
858 406 910 435 ac
937 389 1121 436 illorum
1147 389 1368 452 partium,
1398 392 1449 436 ut
1475 386 1662 435 diceba-

259 476 355 526 tur,
390 468 606 515 intulerat
638 466 780 513 multa
818 466 953 513 mala.
997 466 1087 513 Sed
1121 481 1377 530 agnoscens
1412 471 1537 512 terre
1580 481 1662 512 sue

261 561 420 608 regem
454 561 506 591 ac
537 542 790 590 exercitum
826 543 1160 605 propinquare,
1197 542 1284 589 sibi
1318 542 1504 599 timens,
1535 541 1664 588 venit

261 621 318 668 ad
352 637 474 677 eum,
514 618 733 683 quicquid
774 618 860 666 sibi
899 624 945 666 et
980 619 1181 666 Ecclesie
1217 619 1407 682 dampni
1444 618 1663 666 intulerat

259 697 538 745 emendavit.
581 699 725 754 Quem
755 712 838 742 rex
872 701 915 742 et
949 697 1049 757 ejus
1079 712 1276 742 uxorem
1310 696 1389 744 diu
1421 701 1585 743 tenens
1617 694 1663 741 in

261 774 450 821 Francia
482 771 690 820 custodie
722 771 1022 834 mancipavit,
1063 788 1155 818 non
1191 771 1410 835 ignorans
1442 771 1586 835 ipsius
1619 776 1664 817 et

262 851 515 897 incolarum
556 848 744 896 insidias
782 854 906 895 terre
945 864 1133 911 semper
1170 864 1222 894 ac
1266 848 1464 896 invidias
1504 853 1664 894 contra

263 942 477 989 regnum.

805 1054 845 1098 M
864 1053 930 1099 CC
948 1053 1120 1099 LXXV.

330 1185 369 1214 c.
400 1195 463 1202 —
488 1168 622 1213 Anno
648 1166 829 1213 Domini
854 1172 907 1212 ΜΟ
925 1173 1002 1214 CC⁰
1024 1166 1186 1221 LXXV0,
1217 1165 1342 1229 apud
1369 1165 1664 1228 Lugdunum,

265 1244 405 1293 Gallie
439 1243 620 1299 urbem,
657 1243 913 1305 sollempne
948 1242 1232 1289 celebratum
1266 1248 1336 1288 est
1369 1241 1611 1287 consilium
1646 1258 1671 1286 a

266 1320 492 1384 Gregorio
523 1337 644 1382 papa
682 1319 880 1366 decimo.
921 1322 969 1365 In
1007 1335 1100 1381 quo
1137 1319 1279 1365 multa
1315 1317 1516 1364 Ecclesie
1547 1316 1672 1363 utilia

265 1402 547 1451 statuuntur,
579 1396 751 1443 scilicet
777 1395 834 1442 de
862 1395 1070 1442 subsidio
1097 1397 1237 1442 Terre
1264 1400 1436 1449 sancte,
1468 1393 1525 1440 de
1555 1393 1673 1440 elec-

268 1473 391 1519 tione
425 1472 603 1520 Summi
638 1472 874 1519 Pontificis
910 1478 955 1518 et
991 1476 1113 1518 statu
1148 1470 1350 1518 Ecclesie
1377 1468 1668 1516 universalis.

269 1553 317 1596 In
355 1549 442 1596 hoc
470 1555 625 1596 autem
658 1548 851 1596 concilio
886 1550 1140 1596 Grecorum
1173 1564 1226 1594 ac
1258 1549 1557 1593 Tartarorum
1583 1545 1673 1592 sol-

268 1625 478 1688 lempnes
505 1625 661 1672 nuncii
681 1625 989 1672 interfuerunt
1011 1630 1056 1671 et
1076 1630 1185 1671 tunc
1207 1623 1339 1670 Greci
1367 1622 1424 1668 ad
1446 1622 1670 1669 unitatem

269 1702 423 1749 redire
466 1703 815 1765 promittentes,
860 1701 906 1747 in
945 1701 1130 1764 signum
1169 1700 1304 1764 hujus
1341 1699 1409 1746 rei
1449 1698 1672 1761 Spiritum

269 1784 480 1826 sanctum
501 1797 526 1826 a
548 1782 681 1826 Patre
703 1785 748 1826 et
768 1777 880 1826 Filio
901 1777 1096 1825 confessi
1119 1782 1229 1824 sunt
1250 1775 1524 1839 procedere,
1549 1791 1677 1838 sym-

268 1854 519 1918 bolumque
540 1856 586 1902 in
613 1855 804 1902 concilio
832 1853 1150 1916 sollempniter
1171 1851 1496 1899 decantantes1
1527 1851 1609 1898 sed
1630 1856 1678 1898 et

268 1931 440 1994 bigami
476 1932 553 1994 qui
587 1939 829 1979 tonsuram
862 1930 1121 1978 clericalem
1155 1936 1266 1977 tunc
1295 1928 1523 1992 temporis
1551 1927 1679 1975 defe-

269 2007 434 2054 rebant
461 2013 506 2055 et
539 2008 788 2055 utebantur
819 2014 1056 2069 tamquam
1085 2006 1237 2054 clerici
1268 2005 1513 2069 privilegio
1544 2004 1678 2051 cleri-

269 2084 353 2129 cali
391 2084 452 2131 uti
490 2084 657 2132 talibus
691 2085 733 2130 in
768 2089 1048 2147 perpetuum
1083 2083 1410 2146 prohibentur.
1447 2085 1677 2129 Numerus

270 2166 425 2207 autem
451 2161 737 2223 prelatorum
759 2160 835 2223 qui
859 2160 919 2207 ibi
949 2161 1133 2207 fuerunt
1163 2166 1270 2207 sunt
1297 2158 1537 2223 quingenti
1556 2157 1677 2221 epis-

271 2237 393 2298 copi,
424 2252 484 2284 Lx
505 2237 713 2294 abbates,
738 2243 784 2284 et
809 2237 882 2284 alii
908 2236 1072 2299 prelati
1098 2237 1218 2283 circa
1239 2236 1381 2283 mille.

335 2312 511 2360 Eodem
541 2331 662 2361 anno
694 2313 893 2361 moritur
925 2330 1045 2376 papa
1072 2313 1324 2377 Gregorius
1346 2315 1384 2359 X
1409 2317 1455 2359 et
1478 2312 1678 2360 cessavit

273 2389 407 2437 sedes
434 2390 533 2437 dies
560 2405 608 2437 X.

319 2544 351 2578 ²1.
379 2543 438 2579 Un
460 2542 630 2578 membre.
652 2542 696 2577 dc
725 2542 863 2588 phrase
885 2553 907 2577 a
927 2541 976 2576 du
997 2543 1075 2577 etre
1104 2541 1201 2577 omis
1228 2541 1276 2577 ici
1300 2552 1367 2588 par
1388 2552 1437 2576 un
1460 2540 1624 2587 c‹›piste;
1650 2541 1672 2575 il

273 2607 330 2636 est
351 2601 542 2636 d'ailleurs
563 2601 731 2647 possible
751 2600 811 2647 (l'y
829 2600 1006 2648 suppleer
1026 2611 1093 2646 par
1114 2601 1147 2637 le
1169 2605 1272 2636 texte
1294 2600 1339 2635 de
1363 2600 1397 2635 la
1420 2601 1494 2635 Vim
1519 2602 1677 2645 Philippi

274 2662 375 2695 tertii
395 2660 440 2695 de
462 2660 681 2696 Guillaumc
709 2659 753 2694 dc
781 2659 943 2705 Nangis,
968 2661 1015 2695 ou
1044 2659 1119 2695 l'on
1141 2664 1274 2695 trouve
1302 2664 1418 2695 avant
1444 2659 1498 2693 les
1526 2664 1623 2694 mots
1645 2663 1675 2693 eh

275 2720 433 2763 he’qami:
450 2732 464 2752 «
535 2718 851 2754 decantaverunt.
869 2719 914 2753 In
927 2717 1060 2753 eodem
1074 2719 1190 2754 etiam
1203 2718 1366 2754 concilio
1383 2719 1443 2765 plu
1453 2729 1509 2753 res
1522 2717 1676 2753 ordines

276 2777 542 2814 mendicantes
564 2782 654 2813 sunt
674 2777 844 2824 quassati
868 2791 883 2810 »
909 2778 1122 2823 (llis-cortens
1143 2779 1183 2812 de
1204 2779 1351 2817 Franco,
1370 2782 1396 2812 t.
1419 2777 1509 2822 XX,
1528 2788 1562 2822 p.
1582 2777 1675 2813 404).
