2060 3345
411 342 453 376 {38
644 345 848 377 RICHARDI
877 343 1003 377 SCOTI
1031 342 1237 376 CHRONICI
1266 343 1572 377 CONTINUATIO.
1696 340 1800 388 [1345

408 431 478 473 tes
512 425 558 472 in
591 423 1053 472 commessationibus
1084 430 1130 472 et
1161 424 1460 473 ebrietatibus
1486 425 1584 473 dies
1616 442 1725 473 suos
1756 430 1802 472 et

406 501 653 565 sepissime
677 505 912 547 cantantes
943 517 952 546 :
990 501 1150 547 Cantat
1184 503 1460 558 Normanus,
1497 501 1613 548 bibit
1645 501 1800 565 Angli-

403 594 502 633 cus,
526 583 595 624 est
620 576 883 625 Alemanus.
907 579 970 623 Ne
997 577 1151 624 Gallici
1178 577 1223 623 in
1249 577 1441 625 circuitu
1469 593 1631 625 eorum
1658 578 1798 624 habe-

403 658 505 699 rent
532 669 745 699 securum
779 652 1106 710 habitaculum,
1137 653 1378 700 ecclesiam
1403 653 1715 700 cathedralem
1742 653 1799 700 de

402 727 689 791 Lentriguier
719 728 764 774 in
798 745 887 790 qua
928 745 1098 791 corpus
1137 729 1288 776 Sancti
1326 728 1494 776 Yvonis
1532 728 1797 791 requiescit,

401 804 732 852 destruxerunt
747 822 758 861 3
776 805 833 852 ad
847 811 1198 852 monumentum
1216 821 1329 852 vero
1344 804 1487 852 sancti
1501 804 1796 862 confessoris,

399 896 536 927 causa
559 881 704 943 prede
729 880 1017 938 accedentes,
1048 897 1236 944 capsam
1261 881 1405 928 sancti
1430 898 1521 928 non
1547 886 1801 944 potuerunt

399 956 644 1021 attingere,
675 957 801 1019 quod
829 957 1101 1005 miraculum
1122 962 1411 1021 reputamus.
1434 957 1546 1005 Inde
1571 957 1629 1004 ad
1656 958 1801 1004 eccle-

398 1032 514 1080 siam
548 1033 698 1081 Sancti
727 1033 904 1081 Tutuali
936 1050 1028 1097 que
1059 1039 1130 1081 est
1158 1040 1307 1081 mater
1338 1034 1528 1082 ecclesia
1554 1034 1601 1081 in
1626 1033 1799 1081 diocesi

397 1109 692 1173 Tregorensi,
707 1110 994 1166 accedentes,
1013 1110 1073 1157 ob
1091 1110 1400 1158 reverentiam
1415 1116 1677 1158 sanctarum
1695 1110 1800 1157 reli-

397 1185 612 1248 quiarum
654 1185 829 1233 ibidem
869 1186 1222 1248 quiescentium,
1260 1187 1383 1233 illam
1426 1187 1666 1235 destruere
1701 1186 1800 1234 ausi

397 1277 489 1308 non
521 1268 644 1309 sunt.
680 1262 809 1320 Quod
844 1262 1006 1310 videns
1036 1263 1225 1325 quidam
1260 1263 1537 1326 presbiter-1,
1568 1280 1672 1311 cum
1698 1263 1800 1327 qui-

397 1337 594 1385 busdam
634 1339 938 1402 complicibus
979 1339 1086 1386 inde
1128 1339 1393 1403 indignatus
1409 1378 1419 1397 ‚
1462 1340 1585 1386 illam
1630 1339 1801 1402 incepit

396 1413 636 1462 destruere
663 1415 744 1462 sed
776 1431 888 1462 mox
919 1415 1019 1479 ipse
1048 1420 1095 1462 et
1123 1416 1389 1479 complices,
1423 1416 1599 1463 cunctis
1631 1416 1798 1463 merito

395 1492 707 1554 stupentibus,
737 1492 910 1554 arrepti
937 1510 962 1538 a
989 1491 1206 1549 demone,
1236 1499 1460 1555 ceperunt
1486 1493 1654 1540 latrare
1681 1492 1800 1540 sicut

394 1584 530 1615 canes
557 1574 602 1615 et
627 1568 816 1615 tandem
842 1568 1023 1616 irabiati
1049 1569 1220 1616 mortui
1247 1575 1371 1616 sunt.

462 1647 571 1692 467.
614 1673 677 1681 --
716 1645 1026 1692 Hanonienses
1063 1662 1091 1691 a
1128 1646 1167 1692 F
1168 1646 1392 1693 risonz'bus
1435 1647 1694 1693 vincuntur.
1735 1672 1799 1680 —

394 1719 570 1767 Eodem
601 1737 738 1777 anno,
769 1719 1052 1777 Guillelmus,
1083 1737 1240 1768 comes
1270 1721 1493 1778 Hanonie,
1525 1737 1669 1784 nepos
1694 1722 1798 1768 Phi-

393 1795 523 1859 lippi,
541 1797 664 1861 regis
679 1797 884 1854 Francie,
900 1797 958 1845 ad
977 1797 1277 1845 debellandos
1293 1798 1508 1845 Frisones
1528 1813 1635 1845 cum
1654 1798 1797 1845 multa

393 1872 550 1919 militia
578 1873 827 1937 navigavit,
854 1874 936 1921 sed
956 1880 1205 1936 antequam
1225 1874 1354 1922 littus
1374 1874 1522 1938 patrie
1548 1874 1794 1938 attigisset,

393 1950 624 2006 Frisones‚
643 1951 739 2013 qui,
761 1951 806 1997 in
829 1951 998 1999 auxilio
1016 1952 1096 1999 Dei
1116 1952 1420 2006 confidentes,
1442 1968 1549 2004 cum
1569 1951 1797 2014 solempni

393 2027 691 2089 processione
715 2028 925 2075 virorum
946 2028 1364 2076 ecclesiasticorum
1387 2033 1433 2074 et
1453 2027 1666 2083 devota2,
1692 2026 1798 2073 illuc

393 2102 695 2160 advenerant,
720 2104 849 2151 illum
872 2105 1086 2167 protinus
1110 2105 1396 2153 invaserunt.
1421 2108 1470 2151 In
1491 2104 1578 2151 hoc
1597 2103 1797 2150 infausto

393 2180 608 2227 conflictu
635 2180 730 2227 fere
756 2187 853 2228 tota
887 2181 1099 2228 nobilitas
1126 2182 1331 2229 Hanonie
1357 2187 1404 2228 et
1428 2180 1602 2228 ibidem
1629 2179 1796 2226 milites

393 2256 561 2303 merito
586 2257 870 2313 nominandi,
894 2257 1108 2305 videlicet
1129 2257 1345 2304 dominus
1366 2257 1623 2313 Floreville,
1647 2256 1796 2303 domi-

393 2348 480 2378 nus
500 2332 558 2378 de
579 2337 719 2390 Duro,
742 2333 799 2379 de
821 2337 1032 2390 Hermes,
1054 2335 1112 2381 de
1133 2334 1366 2398 Magniaco
1387 2350 1493 2380 cum
1519 2333 1661 2379 fratre
1690 2349 1792 2389 suo,

394 2407 567 2454 domini
581 2408 825 2472 d'Arques,
849 2410 905 2456 de
924 2411 1047 2457 Bello
1062 2414 1235 2475 Burgo,
1254 2411 1312 2458 de
1326 2411 1608 2464 Unelicourt,
1628 2409 1796 2457 Johan-

394 2500 475 2531 nes
489 2486 763 2542 Liseruilles‚
783 2486 999 2533 dominus
1021 2488 1286 2534 Gauclierus
1307 2486 1364 2533 de
1381 2486 1580 2549 Lignaco
1594 2493 1639 2533 et
1654 2486 1796 2532 frater

393 2560 509 2623 ejus,
535 2561 709 2608 domini
734 2562 923 2610 Michael
948 2569 993 2609 et
1014 2564 1236 2610 Henricus
1263 2562 1532 2627 d’Antoing‚
1564 2562 1796 2610 Gerardus

444 2724 475 2759 1.
500 2723 571 2760 Ms.
589 2726 781 2769 prespiter.

441 2782 475 2817 ⁶2.
498 2783 550 2818 Le
572 2784 764 2819 caractere
786 2783 972 2830 religieux
993 2794 1065 2830 que
1086 2788 1196 2820 notre
1218 2788 1354 2819 auteur
1374 2782 1538 2818 attribue
1552 2782 1574 2817 a
1589 2781 1624 2817 la
1638 2781 1792 2817 defense

396 2839 460 2876 des
482 2841 640 2878 Frisons
661 2842 758 2878 n'est
778 2854 845 2889 pas
866 2842 1091 2879 mentionne
1112 2853 1180 2889 par
1203 2843 1255 2878 les
1276 2843 1437 2879 Grandes
1458 2842 1694 2886 Glzroniques.
