2060 3345
293 283 398 329 1357]
519 287 727 319 RICHARDI
754 287 881 319 SCOTI
909 286 1117 319 CHRONIGI
1145 286 1453 319 CONTINUATIO.
1625 283 1685 318 111

292 363 379 410 bus
405 364 701 419 intraturum,
732 379 817 426 per
843 371 1022 410 meatus
1048 364 1377 410 subterraneos
1404 378 1566 409 muros
1597 363 1693 409 suf-

292 439 383 485 fodi
425 439 655 502 precepit,
690 438 816 500 quod
852 438 1044 486 audiens
1079 442 1330 486 Bertranus
1362 437 1420 485 de
1451 437 1690 499 Glesquin,

291 513 438 570 brito,
482 514 684 578 armiger
720 519 963 570 strenuus,
1005 514 1083 577 qui
1113 515 1383 562 nemoribus
1419 513 1695 577 propinquis

290 604 395 635 cum
432 589 588 636 multis
622 589 760 636 sociis
795 588 1018 645 latitabat,
1049 590 1166 636 clam
1193 589 1545 652 superveniens,
1575 604 1695 651 opus

288 664 553 712 inchoatum
571 665 827 712 combussit
843 672 889 712 et
908 666 1146 728 operarios
1164 667 1263 713 neci
1281 666 1452 714 dedit1.
1475 667 1696 715 Videntes

289 748 445 788 autem
479 742 603 789 cives
637 742 782 804 quod,
825 742 921 789 dux
956 759 1048 789 non
1081 743 1363 806 resipiscens
1397 743 1455 790 ab
1487 743 1691 805 incepto,

287 819 463 881 Anglici
488 836 635 881 usque
662 819 720 865 ad
747 835 908 866 muros
934 820 1259 882 penetrabant,
1289 826 1398 866 tunc
1434 826 1694 867 retrorsum

289 893 534 949 fodienteS,
557 894 794 942 destructa
820 894 942 941 mole
970 895 1201 958 lignorum
1234 911 1324 957 que
1352 902 1526 942 terram
1559 896 1698 942 desu-

289 985 374 1031 per
385 969 690 1026 sustentabat,
708 970 793 1016 hos
807 986 970 1017 omnes
982 970 1344 1017 suffocaverunt.
1362 974 1534 1017 Iterum
1549 977 1697 1018 artem

287 1044 418 1091 ducis
441 1046 519 1108 qui
545 1061 767 1109 magnum
784 1062 977 1110 gregem
999 1063 1252 1109 porcorum
1273 1047 1507 1094 maliciose
1529 1063 1696 1094 versus

287 1121 442 1168 villam
481 1122 669 1186 abigere
695 1122 882 1179 fecerat,
916 1129 966 1170 ut
992 1124 1097 1186 ipsi,
1127 1124 1272 1187 preda
1298 1124 1465 1180 allecti,
1496 1124 1694 1180 exirent,

287 1203 386 1243 arte
407 1198 548 1244 altera
569 1197 858 1254 deludentes,
880 1198 938 1244 ad
957 1204 1142 1261 portam
1159 1199 1264 1246 ville
1291 1199 1543 1261 quemdam
1565 1215 1696 1245 suem

288 1274 485 1321 clamare
521 1281 791 1338 coegerunt,
827 1274 884 1321 ad
919 1274 1049 1338 cujus
1084 1275 1337 1322 clamorem
1373 1275 1502 1339 porci
1535 1291 1699 1322 omnes

287 1351 578 1398 intraverunt
615 1357 660 1398 et
698 1351 829 1398 famis
857 1368 998 1414 quam
1034 1352 1328 1414 patiebantur
1368 1352 1698 1416 mitigaverunt

288 1428 508 1484 mediam,
532 1427 688 1474 invitis
714 1427 926 1475 hostibus
952 1428 1032 1491 qui
1057 1445 1115 1474 ex
1141 1429 1319 1476 insidiis
1339 1429 1618 1492 propinquis
1639 1428 1698 1475 ad

288 1504 659 1567 recuperandum
674 1504 884 1551 animalia
897 1505 1024 1552 ocius
1037 1505 1331 1552 festinabant.
1349 1507 1509 1569 Spatio
1526 1521 1697 1553 novem

289 1581 517 1629 mensium
540 1580 832 1628 obsidionem
853 1581 1139 1628 continuavit
1160 1582 1256 1629 dux
1278 1583 1485 1645 prefatus
1506 1589 1551 1629 et
1571 1599 1698 1629 erec-

289 1657 347 1704 tis
378 1673 464 1720 per
495 1657 722 1704 ambitum
756 1657 860 1704 ville
896 1658 1119 1704 machinis
1149 1658 1453 1722 jaculatoriis,
1484 1659 1609 1706 cives
1639 1659 1697 1706 ad

287 1732 495 1780 ultimam
515 1733 892 1796 desperationem
913 1733 1209 1797 perduxisset
1229 1735 1334 1791 nisi,
1360 1741 1409 1781 ut
1433 1735 1698 1782 consultum

289 1809 388 1866 fuit,
413 1809 602 1872 quidam
629 1809 759 1865 civiS,
781 1809 972 1856 inermis
998 1810 1176 1866 exiens,
1207 1810 1265 1857 ab
1291 1811 1504 1858 hostibus
1531 1817 1698 1874 sponte

288 1886 390 1949 capi
430 1886 734 1948 permisisset,
774 1902 945 1949 rogans
983 1892 1033 1933 ut
1068 1887 1405 1950 perduceretur
1437 1888 1495 1934 ad
1529 1888 1695 1935 ducem

288 1962 395 2025 quia
437 1979 543 2010 cum
584 1979 639 2009 eo
672 1963 798 2025 loqui
835 1963 1144 2010 secretissime
1186 1964 1395 2027 optabat.
1436 1967 1550 2011 Nam
1586 1971 1697 2011 tunc

288 2039 466 2086 obortis
491 2039 610 2086 fictis
644 2039 862 2096 lacrimis,
891 2056 998 2087 cum
1032 2040 1201 2087 civium
1236 2041 1558 2088 crudelitatem
1587 2058 1695 2088 exe-

288 2115 462 2163 crando
502 2115 581 2178 qui
626 2121 807 2178 septem
846 2116 945 2178 ejus
987 2116 1185 2164 infantes
1223 2117 1488 2164 occiderant
1528 2124 1574 2164 et
1617 2134 1697 2165 eos

289 2193 447 2240 ultima
466 2192 600 2239 fami2
620 2192 773 2239 media
794 2193 1006 2240 laborare
1026 2200 1275 2251 assereret,
1287 2194 1594 2259 jurejurando
1618 2196 1697 2242 fir-

289 2270 432 2316 mavit
458 2269 676 2316 comitem
702 2270 969 2317 Blesensem
995 2270 1053 2317 ad
1075 2287 1348 2318 succursum
1376 2289 1541 2319 eorum
1569 2288 1696 2319 acce—

290 2346 437 2394 lerare
464 2354 569 2410 post
596 2347 807 2403 biduum,
837 2347 1084 2395 consulens
1110 2354 1161 2395 ut
1186 2348 1340 2411 ipsum
1380 2349 1696 2413 preveniendo

338 2475 370 2509 1.
394 2474 497 2510 Pour
518 2474 551 2510 le
575 2474 652 2511 role
678 2474 768 2521 joue
797 2485 865 2521 par
886 2474 947 2509 Du
969 2473 1154 2510 Guesclin
1181 2486 1229 2510 au
1251 2475 1353 2522 siege
1374 2475 1420 2511 de
1450 2476 1623 2521 ItcnnOS,
1646 2476 1693 2511 cf.

290 2534 379 2568 Bibl.
402 2535 442 2569 de
463 2526 591 2569 L’E'colc
610 2535 668 2569 des
688 2534 841 2573 charte&
860 2539 886 2568 t.
905 2533 988 2578 LII,
1005 2534 1128 2569 annee
1150 2534 1256 2579 1891,
1273 2545 1307 2580 p.
1327 2535 1406 2570 615.
1425 2534 1695 2581 Rcmarquons

289 2603 362 2638 quc
384 2592 418 2628 le
440 2592 534 2628 uicit
555 2592 602 2628 du
626 2592 728 2639 siege
750 2592 795 2627 dc
819 2592 975 2628 [tennes
997 2603 1066 2638 pur
1087 2598 1195 2628 notre
1222 2593 1484 2639 chroniqucur
1504 2593 1695 2628 s'accordc

290 2662 385 2696 pour
404 2657 491 2687 tous
515 2652 569 2687 les
596 2651 732 2688 details
760 2651 990 2697 importants
1019 2662 1112 2687 avec
1134 2652 1168 2687 le
1189 2652 1432 2698 telnoignage
1453 2652 1497 2686 dc
1519 2652 1697 2687 Cuvelier

292 2711 510 2754 (Ultronique
530 2712 570 2746 (le
591 2713 646 2746 Du
668 2711 848 2753 Guesclz'n,
873 2710 931 2746 ed.
955 2710 1173 2753 Charriere,
1197 2716 1223 2747 t.
1246 2712 1277 2757 I,
1302 2725 1335 2747 v.
1362 2712 1593 2758 '10433-2029).

337 2769 371 2805 2.
396 2769 466 2804 Ms.
489 2771 614 2814 famis.
