2060 3345
356 354 399 390 60
733 356 938 389 RICIIARDI
968 354 1094 386 SCOTI
1122 355 1386 388 CHRONICON.
1651 352 1754 399 [1343

891 509 932 554 Μ
950 507 1052 555 CCC
1068 509 1218 554 XLIII.

421 643 578 690 447-0.
614 669 678 676 —
713 641 846 688 Anno
883 641 1066 688 Domini
1100 640 1152 688 M⁰
1182 639 1286 689 CCG⁰
1314 639 1462 696 XL1110,
1499 655 1606 687 cum
1638 639 1758 686 inter

352 720 626 774 Johanriem,
660 718 878 765 comitem
907 718 966 766 de
994 717 1249 774 Haricuria,
1279 716 1520 764 dominum
1547 715 1758 763 Godefri-

352 797 480 851 dum,
500 795 689 841 fratrem
708 795 823 859 ejus,
840 812 897 842 ex
911 811 999 842 una
1014 801 1163 858 parte,
1182 801 1227 841 et
1241 793 1482 841 dominum
1499 792 1756 840 Robertum

350 877 561 928 Bertran,
583 872 904 920 marescallum
929 872 1067 936 regis,
1092 888 1150 919 ex
1172 871 1332 928 altera,
1354 870 1510 934 gravis
1529 869 1757 917 dissensio

348 949 551 995 oriretur
592 954 788 1012 propter
818 949 1056 1011 pactiones
1096 947 1459 995 matrimoniales
1494 952 1757 994 contractas

349 1041 406 1072 ex
431 1041 521 1071 una
543 1030 674 1088 parte
696 1041 801 1071 cum
819 1025 912 1071 filio
936 1024 1047 1072 dicti
1068 1024 1373 1079 mareschalli,
1400 1029 1446 1070 et
1465 1023 1556 1069 filia
1579 1023 1756 1069 domini

348 1100 516 1163 Rogeri
556 1100 668 1147 dicti
708 1103 860 1147 Bacon
892 1105 954 1156 et,
985 1117 1043 1147 ex
1069 1100 1212 1146 altera
1251 1104 1403 1163 parte,
1434 1115 1541 1146 cum
1567 1098 1756 1145 domino

348 1176 601 1225 Godefrido
643 1175 700 1222 de
741 1176 979 1223 Haricuria
1021 1175 1308 1238 supradicto,
1355 1174 1591 1222 discordia
1625 1180 1756 1221 tanta

349 1252 431 1299 fuit
452 1258 502 1299 ut
525 1252 649 1315 apud
671 1252 949 1299 Malbuisson
967 1252 1100 1315 juxta
1122 1251 1430 1308 Pontizaram,
1456 1251 1501 1297 in
1523 1250 1757 1313 presentia

348 1330 488 1393 regis,
511 1329 690 1393 gladios
710 1329 1025 1386 extraherent,
1051 1334 1097 1375 et
1124 1327 1207 1375 nisi
1231 1345 1311 1374 eos
1337 1344 1421 1374 rex
1448 1327 1758 1390 personaliter

348 1411 627 1469 separasset,
665 1422 714 1452 se
752 1405 951 1452 invicem
984 1404 1370 1468 percussissent1.
1410 1403 1615 1450 Tandem
1642 1420 1756 1451 vero

348 1499 436 1545 pro
462 1482 644 1545 justicia
680 1481 906 1537 facienda,
944 1497 1028 1528 rex
1063 1480 1211 1528 voluit
1242 1486 1293 1527 ut
1323 1480 1381 1527 ad
1417 1479 1757 1543 parlamentum

349 1575 482 1606 suum
498 1558 697 1605 Parisius
710 1559 980 1613 citarentur,
998 1557 1169 1620 quibus
1186 1557 1352 1613 citatis,
1371 1556 1524 1603 dictus
1540 1555 1757 1602 dominus

348 1635 627 1684 Godefridus
645 1652 736 1682 non
755 1634 1016 1698 comparuit
1037 1650 1121 1682 nec
1137 1634 1280 1690 misit,
1298 1649 1424 1696 ymo,
1448 1632 1756 1679 nonobstante

347 1711 471 1776 regis
490 1711 779 1768 inhibitione,
804 1711 1047 1759 dominum
1069 1710 1372 1759 Guillermum
1391 1713 1603 1761 Bertran,
1633 1708 1756 1771 epis-

347 1804 518 1851 copum
552 1788 898 1844 Baiocense1n2‚
929 1787 1111 1835 obsedit
1146 1788 1191 1834 in
1228 1786 1435 1850 quodam
1461 1792 1632 1841 castro,
1662 1785 1756 1832 fra-

346 1870 468 1911 trem
497 1863 668 1911 scilicet
703 1862 879 1910 domini
913 1862 1105 1911 Roberti
1141 1862 1299 1925 sepius
1336 1860 1579 1916 nominati,
1612 1877 1755 1923 seque

347 1946 508 2004 postea
548 1940 647 2003 regi
681 1939 842 2002 Anglie
885 1938 1095 1986 sociavit.
1141 1939 1273 1986 Unde
1314 1954 1397 1984 rex
1436 1938 1582 1984 iratus
1599 1975 1609 1993 ,
1651 1938 1755 2000 ipso

348 2023 514 2063 vocato
534 2016 592 2063 ad
613 2016 971 2078 parlamentum,
1002 2031 1109 2063 cum
1130 2032 1222 2062 non
1248 2015 1454 2062 venisset
1476 2031 1561 2061 nec
1590 2031 1678 2078 pro
1705 2030 1754 2060 se

350 2093 631 2140 sufficienter
651 2092 871 2148 misisset,
897 2092 1005 2139 fecit
1028 2108 1134 2139 eum
1156 2092 1337 2139 banniri
1363 2092 1421 2139 de
1441 2107 1588 2156 regno
1612 2093 1755 2137 Fran-

349 2168 416 2215 cie
442 2174 488 2214 et
514 2167 700 2230 expelli,
731 2184 783 2213 ac
809 2167 930 2214 bona
956 2167 1076 2215 illius
1103 2167 1260 2214 omnia
1286 2167 1547 2214 confiscari.

415 2243 578 2292 448-01.
602 2271 666 2279 -ω
683 2246 798 2292 Cum
814 2261 916 2300 rex,
938 2244 995 2291 ad
1023 2250 1292 2307 requestam
1309 2244 1440 2292 ducis
1462 2243 1748 2308 Burgundie,

349 2321 514 2368 eodem
554 2321 659 2368 duci
692 2321 831 2368 vellet
862 2320 1119 2383 aliqualiter
1150 2320 1420 2377 subvenire,
1451 2320 1671 2383 quoniam
1707 2320 1752 2365 in

402 2466 432 2500 1.
456 2465 506 2501 Ce
526 2464 641 2500 detail
662 2474 710 2500 ne
732 2474 771 2499 se
793 2469 927 2500 trouve
949 2475 1015 2510 pas
1037 2465 1133 2500 dans
1155 2465 1209 2500 les
1232 2465 1392 2502 Grandes
1415 2464 1650 2508 Clm'om'ques.

399 2524 433 2559 2.
460 2536 474 2556 «
507 2522 668 2557 Messire
699 2521 919 2557 Guillaume
952 2522 1005 2558 dit
1035 2522 1227 2567 Bertran,
1267 2532 1433 2568 evesque
1465 2521 1509 2556 de
1542 2521 1699 2556 Lizieux
1733 2535 1748 2553 n

352 2583 526 2626 (Grandes
555 2583 790 2626 Chroniques,
814 2586 842 2617 t.
866 2581 915 2626 V,
937 2593 972 2628 p.
996 2582 1090 2624 4⁶25).
1115 2581 1214 2617 C’est
1242 2586 1350 2617 notre
1379 2586 1516 2616 auteur
1536 2581 1601 2627 qui
1627 2592 1649 2616 a
1677 2580 1751 2615 rai-

353 2653 435 2676 son.
453 2640 672 2676 Guillaume
688 2640 868 2686 Bertran,
886 2642 1040 2676 nomme
1055 2641 1200 2687 eveque
1215 2640 1260 2675 de
1276 2640 1409 2686 Noyon
1434 2639 1468 2674 le
1482 2639 1527 2674 25
1548 2639 1625 2674 mai
1647 2639 1750 2684 1331⁷

353 2699 455 2735 avait
477 2700 535 2735 (ete
557 2699 808 2745 t1·anst'ere,le
824 2699 867 2735 23
885 2699 1039 2745 janvier
1062 2699 1166 2743 1338,
1184 2699 1205 2734 ἰι
1226 2698 1396 2734 l'eveche
1411 2698 1455 2733 de
1472 2698 1644 2743 Bayeux,
1661 2698 1752 2744 qu'il

354 2769 499 2804 occupa
515 2757 693 2804 jusqu'au
711 2758 752 2794 14
772 2757 849 2793 mai
872 2757 977 2804 1347,
998 2758 1084 2794 date
1105 2758 1127 2793 ἐι
1148 2757 1311 2805 laquelle
1327 2757 1351 2792 il
1367 2757 1422 2793 fut
1437 2758 1592 2793 nomme
1607 2757 1751 2803 e'veque

355 2816 399 2852 (le
422 2816 625 2853 Beauvais.
