2060 3345
383 310 421 347 ‘lli
752 312 955 345 RICHARDI
985 310 1111 342 SCOTI
1140 308 1404 342 ClIRONICON.
1670 304 1774 351 [1329

382 392 469 440 sibi
493 397 540 438 et
564 388 908 438 successoribus
933 393 1094 434 contra
1128 388 1395 450 superbiam
1429 386 1773 450 Flamingorum

382 468 440 515 de
468 466 675 515 remedio
703 469 955 528 oportuno.

445 545 525 592 25.
545 572 608 579 -—-
624 546 722 590 Rex
739 544 983 588 Scotorum
1002 540 1233 588 Robertus
1253 540 1403 588 dictus
1423 539 1481 586 de
1502 541 1638 596 Brus,
1664 555 1777 600 pace

381 620 497 668 facta
538 635 644 666 cum
683 617 901 681 Anglicis,
942 621 993 664 ut
1031 616 1395 679 supradiximus,
1441 614 1657 670 moritur,
1703 613 1775 661 cui

380 697 499 743 filius
525 695 621 758 ejus
643 693 863 741 successit
888 692 933 739 in
957 709 1121 756 regno.
1293 752 1296 754 ι

444 772 571 819 26-ὒ.
601 798 664 805 -
690 769 926 817 Dominica
960 769 1161 816 secunda
1181 768 1344 832 junii1‚
1375 767 1624 831 episcopus
1653 766 1780 814 Pari-

379 847 541 895 siensis
569 846 757 894 indutus
793 845 1149 909 pontificialibus
1182 843 1465 892 indumentis
1501 843 1547 890 in
1575 842 1778 906 parvisio

378 927 515 971 Beate
535 924 692 980 Marie,
722 921 1002 985 quibusdam
1028 921 1260 984 episcopis
1284 920 1369 966 sibi
1396 918 1779 966 coassistentibus

377 999 650 1047 auctoritate
682 998 933 1061 apostolica
971 998 1057 1045 sibi
1091 997 1338 1044 commissa
1372 996 1565 1042 fratrem
1591 998 1779 1042 Petrum

379 1075 600 1123 Ranuchii
647 1075 937 1137 antipapam,
981 1074 1269 1121 Ludovicum
1310 1072 1541 1129 Baioarie,
1588 1072 1779 1118 fratrem

379 1151 642 1199 Michaelem
693 1151 930 1213 quondam
983 1151 1176 1197 fratrem
1228 1149 1462 1196 minorum
1514 1147 1778 1212 generalem

379 1227 803 1275 excommunicatos
829 1226 1012 1289 publice
1036 1226 1280 1282 nuntiavit,
1310 1225 1630 1288 quasdamque
1657 1223 1778 1269 litte-

378 1322 453 1352 ras
474 1304 674 1352 Parisius
695 1304 894 1351 directas
917 1309 962 1350 et
982 1303 1129 1350 valvis
1149 1302 1458 1365 quarumdam
1479 1300 1779 1348 ecclesiarum

378 1383 540 1429 affixas
565 1380 914 1443 condempnans
940 1378 1130 1426 easdem
1158 1378 1334 1425 ibidem
1366 1378 1412 1425 in
1438 1378 1594 1442 ignem
1620 1393 1779 1424 accen-

379 1474 482 1504 sum
508 1457 741 1520 proiciens
763 1455 1124 1503 concremavit?

441 1535 568 1582 27-0.
599 1560 663 1568 -
688 1532 816 1580 Circa
844 1529 1124 1594 principium
1145 1529 1245 1594 julii
1272 1529 1533 1592 patriarcha
1565 1528 1780 1576 Ierosoli-

377 1608 578 1656 mitanus
618 1607 857 1671 predictus
898 1623 987 1653 una
1028 1621 1136 1653 cum
1175 1605 1397 1668 episcopo
1437 1604 1694 1653 Mimatensi
1733 1610 1779 1650 et

378 1684 555 1732 nunciis
590 1684 712 1748 regis
747 1682 913 1746 Cypri,
956 1682 1177 1729 ducentes
1218 1697 1377 1729 secum
1411 1681 1556 1728 filiam
1598 1679 1781 1728 comitis

378 1760 685 1808 Claromontis
703 1758 948 1807 memorati
967 1758 1344 1822 desponsandam
1361 1758 1456 1804 filio
1477 1757 1600 1822 regis
1618 1757 1776 1820 Cypri,

377 1842 565 1900 accepta
591 1836 771 1884 licentia
794 1853 818 1882 a
846 1852 984 1898 papa,
1018 1851 1103 1898 per
1128 1840 1318 1898 portum
1348 1834 1542 1883 Massilie
1568 1834 1628 1881 ad
1655 1834 1780 1881 insu-

377 1913 468 1960 lam
503 1914 641 1977 Cypri
673 1912 869 1960 tendunt
901 1928 1008 1959 cum
1041 1911 1200 1959 multis
1235 1911 1334 1958 aliis
1369 1910 1645 1975 peregrinis,
1674 1927 1779 1974 spe-

376 1995 548 2046 rantes,
573 1989 630 2036 ab
654 1989 730 2035 illo
752 1988 872 2045 loco,
902 1987 1008 2034 freti
1028 1986 1197 2034 auxilio
1223 1987 1321 2044 Dei,
1347 1986 1603 2035 Jerusalem
1628 1991 1780 2034 trans-

377 2064 566 2112 fretare.

441 2140 574 2187 28-11.
612 2167 675 2175 —
719 2143 815 2187 Hoc
854 2138 1023 2186 eodem
1064 2144 1279 2201 tempore
1323 2138 1419 2185 dux
1455 2137 1692 2185 Britannie
1732 2138 1778 2184 in

377 2215 565 2262 ecclesia
582 2217 719 2262 Beate
738 2214 876 2262 Marie
897 2213 1184 2271 Carnotensi,
1205 2218 1424 2276 presente
1440 2229 1552 2276 rege
1569 2212 1775 2270 Francie,

426 2360 458 2394 1.
482 2359 535 2394 Le
555 2358 599 2394 30
619 2358 696 2394 mai
719 2358 821 2403 1329,
845 2357 878 2393 19
902 2367 998 2404 pape
1023 2357 1124 2393 Jean
1144 2356 1266 2392 XXII
1286 2356 1459 2392 mandait
1481 2367 1528 2392 au
1550 2357 1712 2393 chantre
1733 2357 1778 2393 de

376 2417 636 2454 Notre-Dame
652 2417 696 2453 de
717 2417 825 2452 Paris
846 2417 891 2452 de
908 2417 1000 2452 faire
1015 2416 1199 2462 procedet·
1219 2416 1550 2452 immediatement
1566 2416 1588 2451 a
1602 2417 1639 2452 la
1652 2417 1777 2463 publi-

378 2477 506 2513 cation
526 2476 575 2511 du
601 2477 733 2523 proces
755 2481 888 2512 contre
910 2475 1026 2511 Louis
1053 2475 1097 2511 de
1124 2475 1289 2512 Baviere
1317 2480 1354 2511 et
1378 2474 1511 2511 Pierre
1538 2474 1583 2510 de
1612 2475 1779 2512 Corvara

380 2537 542 2583 (Denifle
564 2541 601 2572 et
621 2535 834 2581 Chatelain,
858 2536 1026 2570 Chartae.
1053 2536 1212 2570 Univers.
1236 2536 1371 2576 Paris„
1394 2538 1423 2570 t.
1445 2533 1499 2579 II,
1519 2544 1555 2580 p.
1579 2533 1674 2579 326).

425 2595 459 2632 2.
482 2596 534 2630 Le
556 2594 650 2630 recit
670 2593 714 2629 de
736 2604 778 2630 ce
800 2593 866 2629 fait
886 2604 954 2639 par
976 2593 1008 2628 le
1028 2592 1309 2629 Continuateur
1322 2592 1367 2628 de
1383 2592 1601 2627 Guillaume
1617 2592 1661 2627 de
1677 2592 1780 2628 Nan-

380 2654 435 2701 gis
467 2659 525 2690 est
556 2653 755 2698 beaucoup
788 2652 873 2698 plus
906 2651 1111 2698 developpe
1146 2652 1184 2698 (t.
1216 2651 1268 2697 II,
1298 2662 1333 2697 p.
1366 2650 1553 2695 110-111);
1582 2650 1682 2686 celui
1714 2650 1780 2686 des

382 2716 541 2751 Grandes
565 2715 801 2758 Clm‘om’ques,
825 2724 873 2748 au
894 2712 1096 2758 contraire,
1119 2717 1176 2749 est
1197 2712 1299 2748 aussi
1319 2711 1404 2748 bref
1421 2716 1457 2747 et
1480 2721 1640 2758 presque
1662 2711 1778 2747 entie-

383 2779 532 2810 rement
553 2784 675 2821 concu
697 2772 791 2808 dans
812 2772 867 2807 les
888 2772 1033 2807 memes
1055 2776 1197 2807 termes
1220 2772 1259 2817 (t.
1284 2771 1332 2817 V,
1353 2782 1388 2817 p.
1412 2770 1506 2816 331).
