<?xml version="1.0" encoding="UTF-8"?>
<!DOCTYPE html PUBLIC "-//W3C//DTD XHTML 1.0 Transitional//EN"
    "http://www.w3.org/TR/xhtml1/DTD/xhtml1-transitional.dtd">
<html xmlns="http://www.w3.org/1999/xhtml" xml:lang="en" lang="en">
 <head>
  <title>
</title>
<meta http-equiv="Content-Type" content="text/html;charset=utf-8" />
  <meta name='ocr-system' content='tesseract 3.04.00' />
  <meta name='ocr-capabilities' content='ocr_page ocr_carea ocr_par ocr_line ocrx_word'/>
</head>
<body>
  <div class='ocr_page' id='page_1' title='image "./chroniquedericha00lescuoft_0085.png"; bbox 0 0 2060 3345; ppageno 0'>
   <div class='ocr_carea' id='block_1_1' title="bbox 146 245 1540 294">
    <p class='ocr_par' dir='ltr' id='par_1_1' title="bbox 146 245 1540 294">
     <span class='ocr_line' id='line_1_1' title="bbox 146 245 1540 294; baseline -0.001 -10"><span class='ocrx_word' id='word_1_1' title='bbox 146 248 250 294; x_wconf 66' lang='grc'><strong>1329]</strong></span> <span class='ocrx_word' id='word_1_2' title='bbox 516 251 721 283; x_wconf 83' lang='lat' dir='ltr'><strong>RICHARDI</strong></span> <span class='ocrx_word' id='word_1_3' title='bbox 750 251 876 284; x_wconf 84' lang='lat' dir='ltr'>SCOTI</span> <span class='ocrx_word' id='word_1_4' title='bbox 903 248 1168 284; x_wconf 84' lang='lat' dir='ltr'><strong>GHRONICON.</strong></span> <span class='ocrx_word' id='word_1_5' title='bbox 1498 245 1540 282; x_wconf 73' lang='lat'>‘15</span> 
     </span>
    </p>
   </div>
   <div class='ocr_carea' id='block_1_2' title="bbox 130 328 1546 2077">
    <p class='ocr_par' dir='ltr' id='par_1_2' title="bbox 142 328 1544 469">
     <span class='ocr_line' id='line_1_2' title="bbox 143 328 1544 393; baseline -0.002 -16"><span class='ocrx_word' id='word_1_6' title='bbox 143 347 196 377; x_wconf 84' lang='lat' dir='ltr'>ac</span> <span class='ocrx_word' id='word_1_7' title='bbox 238 330 471 393; x_wconf 89' lang='lat' dir='ltr'>Philippo,</span> <span class='ocrx_word' id='word_1_8' title='bbox 516 329 726 393; x_wconf 87' lang='lat' dir='ltr'>ejusdem</span> <span class='ocrx_word' id='word_1_9' title='bbox 769 330 857 377; x_wconf 89' lang='lat' dir='ltr'>loci</span> <span class='ocrx_word' id='word_1_10' title='bbox 900 329 1148 393; x_wconf 87' lang='lat' dir='ltr'>episcopo,</span> <span class='ocrx_word' id='word_1_11' title='bbox 1192 328 1384 376; x_wconf 85' lang='lat' dir='ltr'>missam</span> <span class='ocrx_word' id='word_1_12' title='bbox 1425 328 1544 375; x_wconf 89' lang='lat' dir='ltr'>cele—</span> 
     </span>
     <span class='ocr_line' id='line_1_3' title="bbox 142 404 1394 469; baseline -0.002 -16"><span class='ocrx_word' id='word_1_13' title='bbox 142 407 324 463; x_wconf 87' lang='lat' dir='ltr'>brante,</span> <span class='ocrx_word' id='word_1_14' title='bbox 355 423 565 453; x_wconf 84' lang='lat' dir='ltr'>sororem</span> <span class='ocrx_word' id='word_1_15' title='bbox 594 405 777 453; x_wconf 87' lang='lat' dir='ltr'>comitis</span> <span class='ocrx_word' id='word_1_16' title='bbox 799 406 1025 454; x_wconf 87' lang='lat' dir='ltr'>Sabaudie</span> <span class='ocrx_word' id='word_1_17' title='bbox 1047 404 1394 469; x_wconf 71' lang='lat' dir='ltr'>desponsavit4.</span> 
     </span>
    </p>

    <p class='ocr_par' dir='ltr' id='par_1_3' title="bbox 139 480 1544 913">
     <span class='ocr_line' id='line_1_4' title="bbox 206 480 1543 544; baseline -0.003 -15"><span class='ocrx_word' id='word_1_18' title='bbox 206 482 286 529; x_wconf 64' lang='lat'>29.</span> <span class='ocrx_word' id='word_1_19' title='bbox 311 510 373 517; x_wconf 91' lang='lat'>—</span> <span class='ocrx_word' id='word_1_20' title='bbox 393 485 545 529; x_wconf 89' lang='lat' dir='ltr'>Mense</span> <span class='ocrx_word' id='word_1_21' title='bbox 566 480 821 544; x_wconf 76' lang='lat' dir='ltr'><strong>septembri</strong></span> <span class='ocrx_word' id='word_1_22' title='bbox 842 481 1150 529; x_wconf 80' lang='lat' dir='ltr'>Mediolanum</span> <span class='ocrx_word' id='word_1_23' title='bbox 1170 487 1216 529; x_wconf 87' lang='lat' dir='ltr'>et</span> <span class='ocrx_word' id='word_1_24' title='bbox 1241 480 1409 528; x_wconf 81' lang='lat' dir='ltr'>multas</span> <span class='ocrx_word' id='word_1_25' title='bbox 1435 483 1543 526; x_wconf 83' lang='lat' dir='ltr'>Yta-</span> 
     </span>
     <span class='ocr_line' id='line_1_5' title="bbox 139 557 1543 622; baseline -0.001 -18"><span class='ocrx_word' id='word_1_26' title='bbox 139 558 196 606; x_wconf 90' lang='lat' dir='ltr'>lie</span> <span class='ocrx_word' id='word_1_27' title='bbox 215 559 423 606; x_wconf 87' lang='lat' dir='ltr'>civitates</span> <span class='ocrx_word' id='word_1_28' title='bbox 443 558 754 606; x_wconf 88' lang='lat' dir='ltr'>ecclesiastico</span> <span class='ocrx_word' id='word_1_29' title='bbox 775 559 1041 622; x_wconf 89' lang='lat' dir='ltr'>suppositas</span> <span class='ocrx_word' id='word_1_30' title='bbox 1061 558 1326 614; x_wconf 82' lang='lat' dir='ltr'>interdicto,</span> <span class='ocrx_word' id='word_1_31' title='bbox 1352 557 1410 604; x_wconf 87' lang='lat' dir='ltr'>ad</span> <span class='ocrx_word' id='word_1_32' title='bbox 1432 557 1543 604; x_wconf 88' lang='lat' dir='ltr'>obe-</span> 
     </span>
     <span class='ocr_line' id='line_1_6' title="bbox 141 635 1542 693; baseline -0.001 -11"><span class='ocrx_word' id='word_1_33' title='bbox 141 636 361 683; x_wconf 84' lang='lat' dir='ltr'>dientiam</span> <span class='ocrx_word' id='word_1_34' title='bbox 380 636 580 683; x_wconf 87' lang='lat' dir='ltr'>Ecclesie</span> <span class='ocrx_word' id='word_1_35' title='bbox 600 636 836 683; x_wconf 89' lang='lat' dir='ltr'>humiliter</span> <span class='ocrx_word' id='word_1_36' title='bbox 861 636 1151 693; x_wconf 84' lang='lat' dir='ltr'>accedentes,</span> <span class='ocrx_word' id='word_1_37' title='bbox 1182 635 1542 683; x_wconf 80' lang='lat' dir='ltr'>satisfactionem</span> 
     </span>
     <span class='ocr_line' id='line_1_7' title="bbox 140 712 1538 776; baseline -0.001 -16"><span class='ocrx_word' id='word_1_38' title='bbox 140 712 344 760; x_wconf 80' lang='lat' dir='ltr'>debitam</span> <span class='ocrx_word' id='word_1_39' title='bbox 386 713 729 776; x_wconf 85' lang='lat' dir='ltr'>promittentes,</span> <span class='ocrx_word' id='word_1_40' title='bbox 767 712 805 759; x_wconf 88' lang='lat' dir='ltr'>si</span> <span class='ocrx_word' id='word_1_41' title='bbox 846 712 925 775; x_wconf 85' lang='lat' dir='ltr'>qui</span> <span class='ocrx_word' id='word_1_42' title='bbox 962 713 1348 760; x_wconf 87' lang='lat' dir='ltr'>excommunicati</span> <span class='ocrx_word' id='word_1_43' title='bbox 1387 717 1538 768; x_wconf 86' lang='lat' dir='ltr'>erant,</span> 
     </span>
     <span class='ocr_line' id='line_1_8' title="bbox 140 789 1544 846; baseline 0 -10"><span class='ocrx_word' id='word_1_44' title='bbox 140 806 351 837; x_wconf 84' lang='lat' dir='ltr'>summus</span> <span class='ocrx_word' id='word_1_45' title='bbox 367 789 579 837; x_wconf 80' lang='lat' dir='ltr'>Pontifex</span> <span class='ocrx_word' id='word_1_46' title='bbox 594 789 810 846; x_wconf 86' lang='lat' dir='ltr'>absolvit,</span> <span class='ocrx_word' id='word_1_47' title='bbox 832 789 998 837; x_wconf 84' lang='lat' dir='ltr'>tollens</span> <span class='ocrx_word' id='word_1_48' title='bbox 1019 790 1380 838; x_wconf 86' lang='lat' dir='ltr'>ecclesiasticum</span> <span class='ocrx_word' id='word_1_49' title='bbox 1401 790 1544 837; x_wconf 89' lang='lat' dir='ltr'>inter-</span> 
     </span>
     <span class='ocr_line' id='line_1_9' title="bbox 139 864 333 913; baseline 0.01 -2"><span class='ocrx_word' id='word_1_50' title='bbox 139 864 333 913; x_wconf 85' lang='lat' dir='ltr'>dictum.</span> 
     </span>
    </p>

    <p class='ocr_par' dir='ltr' id='par_1_4' title="bbox 131 941 1546 1834">
     <span class='ocr_line' id='line_1_10' title="bbox 204 941 1540 991; baseline 0.001 -3"><span class='ocrx_word' id='word_1_51' title='bbox 204 944 330 989; x_wconf 66' lang='lat'>30-6.</span> <span class='ocrx_word' id='word_1_52' title='bbox 365 970 429 978; x_wconf 90' lang='lat'>—</span> <span class='ocrx_word' id='word_1_53' title='bbox 469 941 599 989; x_wconf 84' lang='lat' dir='ltr'>Circa</span> <span class='ocrx_word' id='word_1_54' title='bbox 641 941 810 990; x_wconf 89' lang='lat' dir='ltr'>festum</span> <span class='ocrx_word' id='word_1_55' title='bbox 850 942 1002 990; x_wconf 83' lang='lat' dir='ltr'>Sancti</span> <span class='ocrx_word' id='word_1_56' title='bbox 1040 942 1288 990; x_wconf 88' lang='lat' dir='ltr'>Clementis</span> <span class='ocrx_word' id='word_1_57' title='bbox 1321 943 1540 991; x_wconf 86' lang='lat' dir='ltr'>Matildim</span> 
     </span>
     <span class='ocr_line' id='line_1_11' title="bbox 137 1019 1544 1067; baseline 0.001 -2"><span class='ocrx_word' id='word_1_58' title='bbox 137 1019 421 1066; x_wconf 88' lang='lat' dir='ltr'>comitissam</span> <span class='ocrx_word' id='word_1_59' title='bbox 459 1019 835 1066; x_wconf 82' lang='lat' dir='ltr'>Attrabatensem</span> <span class='ocrx_word' id='word_1_60' title='bbox 875 1019 1075 1067; x_wconf 89' lang='lat' dir='ltr'>Parisius</span> <span class='ocrx_word' id='word_1_61' title='bbox 1116 1019 1175 1066; x_wconf 86' lang='lat' dir='ltr'>de</span> <span class='ocrx_word' id='word_1_62' title='bbox 1221 1021 1389 1067; x_wconf 83' lang='lat' dir='ltr'>Sancto</span> <span class='ocrx_word' id='word_1_63' title='bbox 1431 1021 1544 1067; x_wconf 85' lang='lat' dir='ltr'>Ger-</span> 
     </span>
     <span class='ocr_line' id='line_1_12' title="bbox 137 1095 1545 1159; baseline 0.001 -19"><span class='ocrx_word' id='word_1_64' title='bbox 137 1110 275 1141; x_wconf 86' lang='lat' dir='ltr'>mano</span> <span class='ocrx_word' id='word_1_65' title='bbox 292 1095 337 1141; x_wconf 92' lang='lat' dir='ltr'>in</span> <span class='ocrx_word' id='word_1_66' title='bbox 362 1099 482 1158; x_wconf 84' lang='lat' dir='ltr'>Laya</span> <span class='ocrx_word' id='word_1_67' title='bbox 503 1100 835 1151; x_wconf 85' lang='lat' dir='ltr'>revertentem,</span> <span class='ocrx_word' id='word_1_68' title='bbox 860 1100 1113 1158; x_wconf 84' lang='lat' dir='ltr'>postquam</span> <span class='ocrx_word' id='word_1_69' title='bbox 1133 1111 1240 1142; x_wconf 91' lang='lat' dir='ltr'>cum</span> <span class='ocrx_word' id='word_1_70' title='bbox 1260 1112 1371 1159; x_wconf 88' lang='lat' dir='ltr'>rege</span> <span class='ocrx_word' id='word_1_71' title='bbox 1391 1095 1545 1143; x_wconf 84' lang='lat' dir='ltr'>locuta</span> 
     </span>
     <span class='ocr_line' id='line_1_13' title="bbox 136 1170 1545 1236; baseline 0.001 -19"><span class='ocrx_word' id='word_1_72' title='bbox 136 1170 286 1218; x_wconf 87' lang='lat' dir='ltr'>fuerat</span> <span class='ocrx_word' id='word_1_73' title='bbox 307 1188 450 1234; x_wconf 86' lang='lat' dir='ltr'>super</span> <span class='ocrx_word' id='word_1_74' title='bbox 474 1171 758 1235; x_wconf 87' lang='lat' dir='ltr'>quibusdam</span> <span class='ocrx_word' id='word_1_75' title='bbox 778 1171 1078 1236; x_wconf 81' lang='lat' dir='ltr'>tangentibus</span> <span class='ocrx_word' id='word_1_76' title='bbox 1100 1173 1371 1220; x_wconf 85' lang='lat' dir='ltr'>comitatum</span> <span class='ocrx_word' id='word_1_77' title='bbox 1391 1175 1545 1220; x_wconf 81' lang='lat' dir='ltr'>Attra-</span> 
     </span>
     <span class='ocr_line' id='line_1_14' title="bbox 136 1246 1545 1312; baseline 0.003 -19"><span class='ocrx_word' id='word_1_78' title='bbox 136 1246 249 1303; x_wconf 83' lang='lat' dir='ltr'>bati,</span> <span class='ocrx_word' id='word_1_79' title='bbox 284 1253 568 1311; x_wconf 73' lang='lat' dir='ltr'>procurante</span> <span class='ocrx_word' id='word_1_80' title='bbox 603 1249 691 1296; x_wconf 93' lang='lat' dir='ltr'>hoc</span> <span class='ocrx_word' id='word_1_81' title='bbox 725 1254 895 1312; x_wconf 89' lang='lat' dir='ltr'>nepote</span> <span class='ocrx_word' id='word_1_82' title='bbox 923 1265 1008 1296; x_wconf 92' lang='lat' dir='ltr'>suo</span> <span class='ocrx_word' id='word_1_83' title='bbox 1031 1249 1222 1297; x_wconf 88' lang='lat' dir='ltr'>domino</span> <span class='ocrx_word' id='word_1_84' title='bbox 1250 1250 1459 1297; x_wconf 85' lang='lat' dir='ltr'>Roberto</span> <span class='ocrx_word' id='word_1_85' title='bbox 1486 1249 1545 1297; x_wconf 89' lang='lat' dir='ltr'>de</span> 
     </span>
     <span class='ocr_line' id='line_1_15' title="bbox 135 1323 1541 1389; baseline 0.002 -19"><span class='ocrx_word' id='word_1_86' title='bbox 135 1323 380 1371; x_wconf 82' lang='lat' dir='ltr'>Attrabato</span> <span class='ocrx_word' id='word_1_87' title='bbox 403 1324 496 1371; x_wconf 84' lang='lat' dir='ltr'>filio</span> <span class='ocrx_word' id='word_1_88' title='bbox 517 1324 688 1371; x_wconf 82' lang='lat' dir='ltr'>scilicet</span> <span class='ocrx_word' id='word_1_89' title='bbox 710 1324 866 1371; x_wconf 85' lang='lat' dir='ltr'>fratris</span> <span class='ocrx_word' id='word_1_90' title='bbox 886 1324 956 1372; x_wconf 90' lang='lat' dir='ltr'>sui</span> <span class='ocrx_word' id='word_1_91' title='bbox 982 1325 1179 1389; x_wconf 86' lang='lat' dir='ltr'>Philippi</span> <span class='ocrx_word' id='word_1_92' title='bbox 1200 1325 1258 1372; x_wconf 90' lang='lat' dir='ltr'>de</span> <span class='ocrx_word' id='word_1_93' title='bbox 1279 1326 1541 1382; x_wconf 80' lang='lat' dir='ltr'>Attrabato⁷</span> 
     </span>
     <span class='ocr_line' id='line_1_16' title="bbox 136 1401 1546 1466; baseline 0.003 -20"><span class='ocrx_word' id='word_1_94' title='bbox 136 1406 372 1448; x_wconf 87' lang='lat' dir='ltr'>asserente</span> <span class='ocrx_word' id='word_1_95' title='bbox 398 1401 662 1464; x_wconf 87' lang='lat' dir='ltr'>predictum</span> <span class='ocrx_word' id='word_1_96' title='bbox 694 1401 967 1448; x_wconf 88' lang='lat' dir='ltr'>comitatum</span> <span class='ocrx_word' id='word_1_97' title='bbox 992 1419 1050 1449; x_wconf 87' lang='lat' dir='ltr'>ex</span> <span class='ocrx_word' id='word_1_98' title='bbox 1082 1403 1373 1450; x_wconf 83' lang='lat' dir='ltr'>successione</span> <span class='ocrx_word' id='word_1_99' title='bbox 1399 1403 1546 1466; x_wconf 84' lang='lat' dir='ltr'>patris</span> 
     </span>
     <span class='ocr_line' id='line_1_17' title="bbox 136 1476 1544 1541; baseline 0.003 -18"><span class='ocrx_word' id='word_1_100' title='bbox 136 1476 223 1523; x_wconf 86' lang='lat' dir='ltr'>sibi</span> <span class='ocrx_word' id='word_1_101' title='bbox 244 1476 421 1532; x_wconf 84' lang='lat' dir='ltr'>deberi,</span> <span class='ocrx_word' id='word_1_102' title='bbox 450 1477 692 1525; x_wconf 83' lang='lat' dir='ltr'>occasione</span> <span class='ocrx_word' id='word_1_103' title='bbox 719 1478 1029 1541; x_wconf 86' lang='lat' dir='ltr'>quarumdam</span> <span class='ocrx_word' id='word_1_104' title='bbox 1050 1478 1309 1527; x_wconf 85' lang='lat' dir='ltr'>litterarum</span> <span class='ocrx_word' id='word_1_105' title='bbox 1329 1480 1388 1527; x_wconf 85' lang='lat' dir='ltr'>ab</span> <span class='ocrx_word' id='word_1_106' title='bbox 1409 1497 1464 1527; x_wconf 92' lang='lat' dir='ltr'>eo</span> <span class='ocrx_word' id='word_1_107' title='bbox 1486 1480 1544 1527; x_wconf 88' lang='lat' dir='ltr'>de</span> 
     </span>
     <span class='ocr_line' id='line_1_18' title="bbox 136 1554 1544 1619; baseline 0.002 -20"><span class='ocrx_word' id='word_1_108' title='bbox 136 1570 259 1600; x_wconf 92' lang='lat' dir='ltr'>novo</span> <span class='ocrx_word' id='word_1_109' title='bbox 285 1554 598 1611; x_wconf 88' lang='lat' dir='ltr'>inventarum,</span> <span class='ocrx_word' id='word_1_110' title='bbox 628 1554 733 1601; x_wconf 82' lang='lat' dir='ltr'>licet</span> <span class='ocrx_word' id='word_1_111' title='bbox 760 1554 963 1602; x_wconf 89' lang='lat' dir='ltr'>Parisius</span> <span class='ocrx_word' id='word_1_112' title='bbox 988 1555 1035 1602; x_wconf 86' lang='lat' dir='ltr'>in</span> <span class='ocrx_word' id='word_1_113' title='bbox 1064 1556 1332 1604; x_wconf 88' lang='lat' dir='ltr'>Palamento</span> <span class='ocrx_word' id='word_1_114' title='bbox 1360 1557 1406 1602; x_wconf 87' lang='lat' dir='ltr'>in</span> <span class='ocrx_word' id='word_1_115' title='bbox 1435 1573 1544 1619; x_wconf 83' lang='lat' dir='ltr'>pre-</span> 
     </span>
     <span class='ocr_line' id='line_1_19' title="bbox 134 1629 1545 1693; baseline 0.003 -18"><span class='ocrx_word' id='word_1_116' title='bbox 134 1629 281 1675; x_wconf 83' lang='lat' dir='ltr'>sentia</span> <span class='ocrx_word' id='word_1_117' title='bbox 315 1629 440 1693; x_wconf 90' lang='lat' dir='ltr'>regis</span> <span class='ocrx_word' id='word_1_118' title='bbox 476 1629 675 1693; x_wconf 78' lang='lat' dir='ltr'>Philippi</span> <span class='ocrx_word' id='word_1_119' title='bbox 712 1630 862 1677; x_wconf 86' lang='lat' dir='ltr'>Pulcri</span> <span class='ocrx_word' id='word_1_120' title='bbox 896 1636 1020 1678; x_wconf 87' lang='lat' dir='ltr'>esset</span> <span class='ocrx_word' id='word_1_121' title='bbox 1052 1637 1186 1678; x_wconf 88' lang='lat' dir='ltr'>antea</span> <span class='ocrx_word' id='word_1_122' title='bbox 1217 1638 1379 1679; x_wconf 88' lang='lat' dir='ltr'>contra</span> <span class='ocrx_word' id='word_1_123' title='bbox 1413 1649 1545 1680; x_wconf 88' lang='lat' dir='ltr'>eum-</span> 
     </span>
     <span class='ocr_line' id='line_1_20' title="bbox 133 1705 1542 1773; baseline 0.004 -22"><span class='ocrx_word' id='word_1_124' title='bbox 133 1705 242 1752; x_wconf 87' lang='lat' dir='ltr'>dem</span> <span class='ocrx_word' id='word_1_125' title='bbox 261 1705 319 1752; x_wconf 91' lang='lat' dir='ltr'>de</span> <span class='ocrx_word' id='word_1_126' title='bbox 345 1706 580 1753; x_wconf 87' lang='lat' dir='ltr'>contrario</span> <span class='ocrx_word' id='word_1_127' title='bbox 610 1706 885 1770; x_wconf 84' lang='lat' dir='ltr'>judicatum,</span> <span class='ocrx_word' id='word_1_128' title='bbox 915 1707 1071 1771; x_wconf 83' lang='lat' dir='ltr'>gravis</span> <span class='ocrx_word' id='word_1_129' title='bbox 1099 1710 1295 1772; x_wconf 83' lang='lat' dir='ltr'>arripuit</span> <span class='ocrx_word' id='word_1_130' title='bbox 1327 1709 1542 1773; x_wconf 85' lang='lat' dir='ltr'>egritudo</span> 
     </span>
     <span class='ocr_line' id='line_1_21' title="bbox 131 1781 1409 1834; baseline 0.004 -6"><span class='ocrx_word' id='word_1_131' title='bbox 131 1788 177 1828; x_wconf 89' lang='lat' dir='ltr'>et</span> <span class='ocrx_word' id='word_1_132' title='bbox 202 1781 319 1829; x_wconf 83' lang='lat' dir='ltr'>infra</span> <span class='ocrx_word' id='word_1_133' title='bbox 339 1789 557 1830; x_wconf 81' lang='lat' dir='ltr'>octavum</span> <span class='ocrx_word' id='word_1_134' title='bbox 576 1783 702 1831; x_wconf 90' lang='lat' dir='ltr'>diem</span> <span class='ocrx_word' id='word_1_135' title='bbox 727 1790 911 1832; x_wconf 88' lang='lat' dir='ltr'>mortua</span> <span class='ocrx_word' id='word_1_136' title='bbox 937 1790 1007 1832; x_wconf 89' lang='lat' dir='ltr'>est</span> <span class='ocrx_word' id='word_1_137' title='bbox 1033 1802 1086 1832; x_wconf 90' lang='lat' dir='ltr'>ac</span> <span class='ocrx_word' id='word_1_138' title='bbox 1111 1785 1157 1832; x_wconf 89' lang='lat' dir='ltr'>in</span> <span class='ocrx_word' id='word_1_139' title='bbox 1184 1786 1409 1834; x_wconf 67' lang='lat' dir='ltr'>ecclesia‘2</span> 
     </span>
    </p>

    <p class='ocr_par' dir='ltr' id='par_1_5' title="bbox 130 1860 1540 2077">
     <span class='ocr_line' id='line_1_22' title="bbox 263 1860 1534 1928; baseline 0.004 -22"><span class='ocrx_word' id='word_1_140' title='bbox 263 1860 515 1916; x_wconf 80' lang='lat' dir='ltr'>tumulata3</span> <span class='ocrx_word' id='word_1_141' title='bbox 567 1860 640 1908; x_wconf 89' lang='lat' dir='ltr'>cui</span> <span class='ocrx_word' id='word_1_142' title='bbox 684 1861 846 1926; x_wconf 87' lang='lat' dir='ltr'>regina</span> <span class='ocrx_word' id='word_1_143' title='bbox 896 1862 1105 1910; x_wconf 87' lang='lat' dir='ltr'>Johanna</span> <span class='ocrx_word' id='word_1_144' title='bbox 1145 1862 1203 1910; x_wconf 90' lang='lat' dir='ltr'>de</span> <span class='ocrx_word' id='word_1_145' title='bbox 1249 1863 1534 1928; x_wconf 83' lang='lat' dir='ltr'>Burgundia‚</span> 
     </span>
     <span class='ocr_line' id='line_1_23' title="bbox 132 1937 1540 2005; baseline 0.002 -21"><span class='ocrx_word' id='word_1_146' title='bbox 132 1937 370 1999; x_wconf 88' lang='lat' dir='ltr'>quondam</span> <span class='ocrx_word' id='word_1_147' title='bbox 404 1937 602 2002; x_wconf 87' lang='lat' dir='ltr'>Philippi</span> <span class='ocrx_word' id='word_1_148' title='bbox 636 1938 781 2002; x_wconf 83' lang='lat' dir='ltr'>Longi</span> <span class='ocrx_word' id='word_1_149' title='bbox 822 1942 1108 1987; x_wconf 86' lang='lat' dir='ltr'>Francorum</span> <span class='ocrx_word' id='word_1_150' title='bbox 1145 1941 1269 2005; x_wconf 89' lang='lat' dir='ltr'>regis</span> <span class='ocrx_word' id='word_1_151' title='bbox 1304 1957 1442 1999; x_wconf 83' lang='lat' dir='ltr'>uxor,</span> <span class='ocrx_word' id='word_1_152' title='bbox 1489 1957 1540 1988; x_wconf 86' lang='lat' dir='ltr'>ac</span> 
     </span>
     <span class='ocr_line' id='line_1_24' title="bbox 130 2013 1256 2077; baseline 0.004 -17"><span class='ocrx_word' id='word_1_153' title='bbox 130 2013 339 2077; x_wconf 89' lang='lat' dir='ltr'>ejusdem</span> <span class='ocrx_word' id='word_1_154' title='bbox 359 2014 556 2062; x_wconf 86' lang='lat' dir='ltr'>Matildis</span> <span class='ocrx_word' id='word_1_155' title='bbox 580 2015 672 2062; x_wconf 88' lang='lat' dir='ltr'>filia</span> <span class='ocrx_word' id='word_1_156' title='bbox 698 2015 744 2062; x_wconf 93' lang='lat' dir='ltr'>in</span> <span class='ocrx_word' id='word_1_157' title='bbox 767 2016 989 2064; x_wconf 89' lang='lat' dir='ltr'>comitatu</span> <span class='ocrx_word' id='word_1_158' title='bbox 1014 2017 1256 2065; x_wconf 88' lang='lat' dir='ltr'>successit.</span> 
     </span>
    </p>
   </div>
   <div class='ocr_carea' id='block_1_3' title="bbox 128 2175 1541 2755">
    <p class='ocr_par' dir='ltr' id='par_1_6' title="bbox 128 2175 1541 2693">
     <span class='ocr_line' id='line_1_25' title="bbox 180 2175 1541 2223; baseline 0.002 -12"><span class='ocrx_word' id='word_1_159' title='bbox 180 2177 211 2211; x_wconf 81' lang='lat'>1.</span> <span class='ocrx_word' id='word_1_160' title='bbox 238 2188 251 2209; x_wconf 82' lang='lat'>‹&lt;</span> <span class='ocrx_word' id='word_1_161' title='bbox 278 2175 458 2211; x_wconf 84' lang='lat' dir='ltr'>Sororem</span> <span class='ocrx_word' id='word_1_162' title='bbox 481 2175 634 2212; x_wconf 82' lang='lat' dir='ltr'>comitis</span> <span class='ocrx_word' id='word_1_163' title='bbox 659 2176 836 2212; x_wconf 75' lang='lat' dir='ltr'>Flandrie</span> <span class='ocrx_word' id='word_1_164' title='bbox 857 2176 1105 2223; x_wconf 78' lang='lat' dir='ltr'>desponsavit</span> <span class='ocrx_word' id='word_1_165' title='bbox 1131 2191 1147 2210; x_wconf 92' lang='lat'>»</span> <span class='ocrx_word' id='word_1_166' title='bbox 1174 2177 1344 2223; x_wconf 74' lang='lat' dir='ltr'>(Contio.</span> <span class='ocrx_word' id='word_1_167' title='bbox 1367 2177 1413 2214; x_wconf 88' lang='lat' dir='ltr'>de</span> <span class='ocrx_word' id='word_1_168' title='bbox 1435 2178 1541 2214; x_wconf 88' lang='lat' dir='ltr'>Guil-</span> 
     </span>
     <span class='ocr_line' id='line_1_26' title="bbox 130 2234 1538 2284; baseline 0.003 -15"><span class='ocrx_word' id='word_1_169' title='bbox 130 2234 257 2270; x_wconf 85' lang='lat' dir='ltr'>laume</span> <span class='ocrx_word' id='word_1_170' title='bbox 278 2235 322 2271; x_wconf 86' lang='lat' dir='ltr'>de</span> <span class='ocrx_word' id='word_1_171' title='bbox 345 2235 508 2282; x_wconf 76' lang='lat' dir='ltr'>Nangis,</span> <span class='ocrx_word' id='word_1_172' title='bbox 530 2240 556 2271; x_wconf 84' lang='lat' dir='ltr'>t.</span> <span class='ocrx_word' id='word_1_173' title='bbox 583 2235 631 2281; x_wconf 81' lang='grc' dir='ltr'>ΙΙ,</span> <span class='ocrx_word' id='word_1_174' title='bbox 655 2247 690 2282; x_wconf 86' lang='lat' dir='ltr'>p.</span> <span class='ocrx_word' id='word_1_175' title='bbox 716 2236 816 2279; x_wconf 80' lang='grc' dir='ltr'><strong>11Ο);</strong></span> <span class='ocrx_word' id='word_1_176' title='bbox 833 2257 878 2263; x_wconf 94' lang='lat'>—-</span> <span class='ocrx_word' id='word_1_177' title='bbox 897 2250 912 2270; x_wconf 90' lang='lat'>«</span> <span class='ocrx_word' id='word_1_178' title='bbox 929 2237 963 2272; x_wconf 88' lang='lat' dir='ltr'>le</span> <span class='ocrx_word' id='word_1_179' title='bbox 984 2236 1058 2273; x_wconf 86' lang='lat' dir='ltr'>duc</span> <span class='ocrx_word' id='word_1_180' title='bbox 1078 2236 1123 2272; x_wconf 89' lang='lat' dir='ltr'>de</span> <span class='ocrx_word' id='word_1_181' title='bbox 1145 2237 1356 2284; x_wconf 80' lang='lat' dir='ltr'>Bretaigne</span> <span class='ocrx_word' id='word_1_182' title='bbox 1377 2248 1538 2284; x_wconf 74' lang='lat' dir='ltr'>espousa</span> 
     </span>
     <span class='ocr_line' id='line_1_27' title="bbox 130 2293 1535 2343; baseline 0.002 -15"><span class='ocrx_word' id='word_1_183' title='bbox 130 2293 166 2328; x_wconf 84' lang='lat' dir='ltr'>la</span> <span class='ocrx_word' id='word_1_184' title='bbox 186 2305 290 2329; x_wconf 63' lang='lat' dir='ltr'>staur</span> <span class='ocrx_word' id='word_1_185' title='bbox 316 2305 364 2329; x_wconf 82' lang='lat' dir='ltr'>au</span> <span class='ocrx_word' id='word_1_186' title='bbox 395 2300 506 2330; x_wconf 77' lang='lat' dir='ltr'>conte</span> <span class='ocrx_word' id='word_1_187' title='bbox 527 2294 572 2329; x_wconf 89' lang='lat' dir='ltr'>de</span> <span class='ocrx_word' id='word_1_188' title='bbox 595 2294 735 2331; x_wconf 78' lang='lat' dir='ltr'>Savoie</span> <span class='ocrx_word' id='word_1_189' title='bbox 760 2309 774 2328; x_wconf 84' lang='lat'>»</span> <span class='ocrx_word' id='word_1_190' title='bbox 799 2295 972 2341; x_wconf 71' lang='lat' dir='ltr'>(Grandes</span> <span class='ocrx_word' id='word_1_191' title='bbox 995 2297 1231 2340; x_wconf 71' lang='lat' dir='ltr'>Chronz&#39;qucs,</span> <span class='ocrx_word' id='word_1_192' title='bbox 1257 2301 1283 2332; x_wconf 87' lang='lat' dir='ltr'>t.</span> <span class='ocrx_word' id='word_1_193' title='bbox 1308 2296 1356 2342; x_wconf 83' lang='lat' dir='ltr'>V,</span> <span class='ocrx_word' id='word_1_194' title='bbox 1381 2308 1414 2343; x_wconf 88' lang='lat' dir='ltr'>p.</span> <span class='ocrx_word' id='word_1_195' title='bbox 1440 2297 1535 2338; x_wconf 75' lang='lat'><strong>331).</strong></span> 
     </span>
     <span class='ocr_line' id='line_1_28' title="bbox 130 2351 1538 2398; baseline 0.001 -12"><span class='ocrx_word' id='word_1_196' title='bbox 130 2351 182 2387; x_wconf 87' lang='lat' dir='ltr'>Le</span> <span class='ocrx_word' id='word_1_197' title='bbox 212 2351 383 2398; x_wconf 78' lang='lat' dir='ltr'>mariage</span> <span class='ocrx_word' id='word_1_198' title='bbox 409 2351 458 2386; x_wconf 86' lang='lat' dir='ltr'>du</span> <span class='ocrx_word' id='word_1_199' title='bbox 479 2351 552 2387; x_wconf 86' lang='lat' dir='ltr'>duc</span> <span class='ocrx_word' id='word_1_200' title='bbox 572 2352 673 2387; x_wconf 76' lang='lat' dir='ltr'>Jean</span> <span class='ocrx_word' id='word_1_201' title='bbox 692 2351 750 2387; x_wconf 90' lang='lat' dir='ltr'>III</span> <span class='ocrx_word' id='word_1_202' title='bbox 771 2363 864 2389; x_wconf 81' lang='lat' dir='ltr'>avec</span> <span class='ocrx_word' id='word_1_203' title='bbox 884 2352 1036 2388; x_wconf 81' lang='lat' dir='ltr'>Jeanne</span> <span class='ocrx_word' id='word_1_204' title='bbox 1058 2352 1102 2389; x_wconf 88' lang='lat' dir='ltr'>de</span> <span class='ocrx_word' id='word_1_205' title='bbox 1132 2353 1271 2390; x_wconf 78' lang='lat' dir='ltr'>Savoie</span> <span class='ocrx_word' id='word_1_206' title='bbox 1302 2353 1357 2389; x_wconf 82' lang='lat' dir='ltr'>fut</span> <span class='ocrx_word' id='word_1_207' title='bbox 1389 2353 1538 2389; x_wconf 58' lang='lat' dir='ltr'>celebre,</span> 
     </span>
     <span class='ocr_line' id='line_1_29' title="bbox 128 2410 1536 2457; baseline 0 -11"><span class='ocrx_word' id='word_1_208' title='bbox 128 2410 222 2446; x_wconf 80' lang='lat' dir='ltr'>dans</span> <span class='ocrx_word' id='word_1_209' title='bbox 244 2410 387 2457; x_wconf 77' lang='lat' dir='ltr'>l&#39;eglise</span> <span class='ocrx_word' id='word_1_210' title='bbox 402 2410 664 2447; x_wconf 80' lang='lat' dir='ltr'>Notre-Dame</span> <span class='ocrx_word' id='word_1_211' title='bbox 679 2410 723 2446; x_wconf 86' lang='lat' dir='ltr'>de</span> <span class='ocrx_word' id='word_1_212' title='bbox 740 2411 921 2447; x_wconf 76' lang='lat' dir='ltr'>Chartres</span> <span class='ocrx_word' id='word_1_213' title='bbox 938 2412 973 2447; x_wconf 88' lang='lat' dir='ltr'>le</span> <span class='ocrx_word' id='word_1_214' title='bbox 988 2412 1029 2447; x_wconf 70' lang='lat'>21</span> <span class='ocrx_word' id='word_1_215' title='bbox 1047 2423 1152 2447; x_wconf 82' lang='lat' dir='ltr'>mars</span> <span class='ocrx_word' id='word_1_216' title='bbox 1171 2412 1258 2448; x_wconf 65' lang='lat'>1399</span> <span class='ocrx_word' id='word_1_217' title='bbox 1275 2411 1536 2455; x_wconf 82' lang='lat' dir='ltr'>(Guichenon,</span> 
     </span>
     <span class='ocr_line' id='line_1_30' title="bbox 129 2470 1536 2516; baseline 0.001 -12"><span class='ocrx_word' id='word_1_218' title='bbox 129 2471 285 2505; x_wconf 58' lang='lat' dir='ltr'>llis—loire</span> <span class='ocrx_word' id='word_1_219' title='bbox 305 2472 346 2504; x_wconf 76' lang='lat' dir='ltr'>de</span> <span class='ocrx_word' id='word_1_220' title='bbox 366 2471 504 2512; x_wconf 75' lang='lat' dir='ltr'>Savoz&#39;e,</span> <span class='ocrx_word' id='word_1_221' title='bbox 528 2475 554 2506; x_wconf 88' lang='lat' dir='ltr'>t.</span> <span class='ocrx_word' id='word_1_222' title='bbox 577 2470 608 2516; x_wconf 81' lang='grc' dir='ltr'>Ι,</span> <span class='ocrx_word' id='word_1_223' title='bbox 632 2482 667 2516; x_wconf 86' lang='lat' dir='ltr'>p.</span> <span class='ocrx_word' id='word_1_224' title='bbox 691 2470 784 2512; x_wconf 71' lang='lat'>386).</span> <span class='ocrx_word' id='word_1_225' title='bbox 811 2471 863 2505; x_wconf 87' lang='lat' dir='ltr'>Le</span> <span class='ocrx_word' id='word_1_226' title='bbox 883 2470 1163 2507; x_wconf 82' lang='lat' dir='ltr'>Continuateur</span> <span class='ocrx_word' id='word_1_227' title='bbox 1183 2471 1228 2507; x_wconf 86' lang='lat' dir='ltr'>de</span> <span class='ocrx_word' id='word_1_228' title='bbox 1250 2471 1469 2507; x_wconf 82' lang='lat' dir='ltr'>Guillauine</span> <span class='ocrx_word' id='word_1_229' title='bbox 1492 2471 1536 2506; x_wconf 65' lang='lat' dir='ltr'>[lc</span> 
     </span>
     <span class='ocr_line' id='line_1_31' title="bbox 129 2529 1535 2576; baseline 0.001 -12"><span class='ocrx_word' id='word_1_230' title='bbox 129 2529 275 2576; x_wconf 79' lang='lat' dir='ltr'>Nangis</span> <span class='ocrx_word' id='word_1_231' title='bbox 296 2541 317 2565; x_wconf 85' lang='lat' dir='ltr'>a</span> <span class='ocrx_word' id='word_1_232' title='bbox 338 2529 404 2565; x_wconf 77' lang='lat' dir='ltr'>fait</span> <span class='ocrx_word' id='word_1_233' title='bbox 426 2529 475 2566; x_wconf 91' lang='lat' dir='ltr'>ici</span> <span class='ocrx_word' id='word_1_234' title='bbox 496 2540 572 2565; x_wconf 86' lang='lat' dir='ltr'>une</span> <span class='ocrx_word' id='word_1_235' title='bbox 595 2529 797 2566; x_wconf 84' lang='lat' dir='ltr'>confusion</span> <span class='ocrx_word' id='word_1_236' title='bbox 818 2535 927 2566; x_wconf 82' lang='lat' dir='ltr'>entre</span> <span class='ocrx_word' id='word_1_237' title='bbox 947 2530 981 2566; x_wconf 85' lang='lat' dir='ltr'>le</span> <span class='ocrx_word' id='word_1_238' title='bbox 1002 2530 1075 2566; x_wconf 82' lang='lat' dir='ltr'>(luc</span> <span class='ocrx_word' id='word_1_239' title='bbox 1096 2530 1195 2566; x_wconf 80' lang='lat' dir='ltr'>Jean</span> <span class='ocrx_word' id='word_1_240' title='bbox 1209 2530 1267 2566; x_wconf 88' lang='lat' dir='ltr'>III</span> <span class='ocrx_word' id='word_1_241' title='bbox 1282 2536 1318 2566; x_wconf 85' lang='lat' dir='ltr'>et</span> <span class='ocrx_word' id='word_1_242' title='bbox 1338 2543 1406 2566; x_wconf 81' lang='lat' dir='ltr'>son</span> <span class='ocrx_word' id='word_1_243' title='bbox 1424 2531 1535 2575; x_wconf 55' lang='lat' dir='ltr'>frere,</span> 
     </span>
     <span class='ocr_line' id='line_1_32' title="bbox 129 2588 1535 2637; baseline 0.002 -14"><span class='ocrx_word' id='word_1_244' title='bbox 129 2588 162 2624; x_wconf 90' lang='lat' dir='ltr'>le</span> <span class='ocrx_word' id='word_1_245' title='bbox 183 2593 307 2625; x_wconf 83' lang='lat' dir='ltr'>comte</span> <span class='ocrx_word' id='word_1_246' title='bbox 327 2589 372 2624; x_wconf 82' lang='lat' dir='ltr'>de</span> <span class='ocrx_word' id='word_1_247' title='bbox 394 2589 592 2635; x_wconf 78' lang='lat' dir='ltr'>Montfort,</span> <span class='ocrx_word' id='word_1_248' title='bbox 614 2589 679 2636; x_wconf 84' lang='lat' dir='ltr'>qui</span> <span class='ocrx_word' id='word_1_249' title='bbox 706 2594 805 2625; x_wconf 81' lang='lat' dir='ltr'>cette</span> <span class='ocrx_word' id='word_1_250' title='bbox 833 2589 960 2625; x_wconf 76' lang='lat' dir='ltr'>meme</span> <span class='ocrx_word' id='word_1_251' title='bbox 988 2591 1113 2627; x_wconf 78' lang='lat' dir='ltr'>annec</span> <span class='ocrx_word' id='word_1_252' title='bbox 1144 2591 1288 2637; x_wconf 78' lang='lat' dir='ltr'>epousa</span> <span class='ocrx_word' id='word_1_253' title='bbox 1309 2591 1462 2626; x_wconf 75' lang='lat' dir='ltr'>Jeannc</span> <span class='ocrx_word' id='word_1_254' title='bbox 1491 2590 1535 2626; x_wconf 79' lang='lat' dir='ltr'>‹lc</span> 
     </span>
     <span class='ocr_line' id='line_1_33' title="bbox 130 2647 916 2693; baseline 0.003 -11"><span class='ocrx_word' id='word_1_255' title='bbox 130 2647 306 2693; x_wconf 74' lang='lat' dir='ltr'>Flandre,</span> <span class='ocrx_word' id='word_1_256' title='bbox 329 2660 432 2684; x_wconf 68' lang='lat' dir='ltr'>steur</span> <span class='ocrx_word' id='word_1_257' title='bbox 452 2648 500 2683; x_wconf 87' lang='lat' dir='ltr'>du</span> <span class='ocrx_word' id='word_1_258' title='bbox 524 2653 649 2684; x_wconf 80' lang='lat' dir='ltr'>cointe</span> <span class='ocrx_word' id='word_1_259' title='bbox 670 2648 715 2684; x_wconf 78' lang='lat' dir='ltr'>de</span> <span class='ocrx_word' id='word_1_260' title='bbox 739 2648 916 2684; x_wconf 75' lang='lat' dir='ltr'>Flandre.</span> 
     </span>
    </p>

    <p class='ocr_par' dir='ltr' id='par_1_7' title="bbox 176 2708 1342 2755">
     <span class='ocr_line' id='line_1_34' title="bbox 176 2708 1342 2755; baseline 0.003 -13"><span class='ocrx_word' id='word_1_261' title='bbox 176 2708 284 2743; x_wconf 49' lang='lat'>2110</span> <span class='ocrx_word' id='word_1_262' title='bbox 306 2718 395 2744; x_wconf 89' lang='lat' dir='ltr'>nom</span> <span class='ocrx_word' id='word_1_263' title='bbox 418 2708 462 2743; x_wconf 87' lang='lat' dir='ltr'>de</span> <span class='ocrx_word' id='word_1_264' title='bbox 486 2708 628 2755; x_wconf 70' lang='lat' dir='ltr'>l⁷eglisc</span> <span class='ocrx_word' id='word_1_265' title='bbox 651 2713 709 2744; x_wconf 81' lang='lat' dir='ltr'>ost</span> <span class='ocrx_word' id='word_1_266' title='bbox 729 2719 777 2744; x_wconf 85' lang='lat' dir='ltr'>en</span> <span class='ocrx_word' id='word_1_267' title='bbox 803 2708 915 2744; x_wconf 75' lang='lat' dir='ltr'>blanc</span> <span class='ocrx_word' id='word_1_268' title='bbox 936 2708 1032 2745; x_wconf 69' lang='lat' dir='ltr'>dans</span> <span class='ocrx_word' id='word_1_269' title='bbox 1054 2709 1087 2745; x_wconf 78' lang='lat' dir='ltr'>lc</span> <span class='ocrx_word' id='word_1_270' title='bbox 1115 2710 1342 2746; x_wconf 79' lang='lat' dir='ltr'>manuscrit.</span> 
     </span>
    </p>
   </div>
  </div>
 </body>
</html>
