<?xml version="1.0" encoding="UTF-8"?>
<!DOCTYPE html PUBLIC "-//W3C//DTD XHTML 1.0 Transitional//EN"
    "http://www.w3.org/TR/xhtml1/DTD/xhtml1-transitional.dtd">
<html xmlns="http://www.w3.org/1999/xhtml" xml:lang="en" lang="en">
 <head>
  <title>
</title>
<meta http-equiv="Content-Type" content="text/html;charset=utf-8" />
  <meta name='ocr-system' content='tesseract 3.04.00' />
  <meta name='ocr-capabilities' content='ocr_page ocr_carea ocr_par ocr_line ocrx_word'/>
</head>
<body>
  <div class='ocr_page' id='page_1' title='image "./chroniquedericha00lescuoft_0203.png"; bbox 0 0 2060 3345; ppageno 0'>
   <div class='ocr_carea' id='block_1_1' title="bbox 239 303 1638 351">
    <p class='ocr_par' dir='ltr' id='par_1_1' title="bbox 239 303 1638 351">
     <span class='ocr_line' id='line_1_1' title="bbox 239 303 1638 351; baseline -0.002 -10"><span class='ocrx_word' id='word_1_1' title='bbox 239 306 340 351; x_wconf 74' lang='lat'><strong>1358]</strong></span> <span class='ocrx_word' id='word_1_2' title='bbox 469 309 674 340; x_wconf 75' lang='lat' dir='ltr'>RICHARDI</span> <span class='ocrx_word' id='word_1_3' title='bbox 703 308 829 341; x_wconf 88' lang='lat' dir='ltr'>SGOTI</span> <span class='ocrx_word' id='word_1_4' title='bbox 857 308 1065 341; x_wconf 89' lang='lat' dir='ltr'>CHRONICI</span> <span class='ocrx_word' id='word_1_5' title='bbox 1092 307 1397 341; x_wconf 79' lang='lat' dir='ltr'><strong>CONTINUATIO.</strong></span> <span class='ocrx_word' id='word_1_6' title='bbox 1573 303 1638 338; x_wconf 71' lang='lat'>1⁶29</span> 
     </span>
    </p>
   </div>
   <div class='ocr_carea' id='block_1_2' title="bbox 222 386 1639 2366">
    <p class='ocr_par' dir='ltr' id='par_1_2' title="bbox 229 386 1639 1062">
     <span class='ocr_line' id='line_1_2' title="bbox 235 386 1639 452; baseline -0.004 -16"><span class='ocrx_word' id='word_1_7' title='bbox 235 388 399 436; x_wconf 84' lang='lat' dir='ltr'>siensis</span> <span class='ocrx_word' id='word_1_8' title='bbox 419 394 463 435; x_wconf 93' lang='lat' dir='ltr'>et</span> <span class='ocrx_word' id='word_1_9' title='bbox 484 389 553 435; x_wconf 92' lang='lat' dir='ltr'>sui</span> <span class='ocrx_word' id='word_1_10' title='bbox 576 387 825 451; x_wconf 80' lang='lat' dir='ltr'>complices</span> <span class='ocrx_word' id='word_1_11' title='bbox 849 389 1124 452; x_wconf 86' lang='lat' dir='ltr'>magistrum</span> <span class='ocrx_word' id='word_1_12' title='bbox 1143 388 1354 451; x_wconf 90' lang='lat' dir='ltr'>pontium</span> <span class='ocrx_word' id='word_1_13' title='bbox 1375 386 1478 433; x_wconf 90' lang='lat' dir='ltr'>ville</span> <span class='ocrx_word' id='word_1_14' title='bbox 1501 402 1639 432; x_wconf 89' lang='lat' dir='ltr'>voca-</span> 
     </span>
     <span class='ocr_line' id='line_1_3' title="bbox 234 463 1637 528; baseline -0.002 -17"><span class='ocrx_word' id='word_1_15' title='bbox 234 471 332 512; x_wconf 89' lang='lat' dir='ltr'>tum</span> <span class='ocrx_word' id='word_1_16' title='bbox 363 465 593 514; x_wconf 87' lang='lat' dir='ltr'>Johannes</span> <span class='ocrx_word' id='word_1_17' title='bbox 619 467 784 511; x_wconf 84' lang='lat' dir='ltr'>Porret</span> <span class='ocrx_word' id='word_1_18' title='bbox 812 470 857 510; x_wconf 93' lang='lat' dir='ltr'>et</span> <span class='ocrx_word' id='word_1_19' title='bbox 883 465 1224 527; x_wconf 84' lang='lat' dir='ltr'>carpentarium</span> <span class='ocrx_word' id='word_1_20' title='bbox 1258 464 1383 528; x_wconf 86' lang='lat' dir='ltr'>regis</span> <span class='ocrx_word' id='word_1_21' title='bbox 1408 463 1454 510; x_wconf 91' lang='lat' dir='ltr'>in</span> <span class='ocrx_word' id='word_1_22' title='bbox 1486 463 1637 526; x_wconf 88' lang='lat' dir='ltr'>platea</span> 
     </span>
     <span class='ocr_line' id='line_1_4' title="bbox 233 537 1635 602; baseline -0.003 -15"><span class='ocrx_word' id='word_1_23' title='bbox 233 540 399 588; x_wconf 88' lang='lat' dir='ltr'>Gravie</span> <span class='ocrx_word' id='word_1_24' title='bbox 435 539 651 587; x_wconf 91' lang='lat' dir='ltr'>decollari</span> <span class='ocrx_word' id='word_1_25' title='bbox 683 539 947 602; x_wconf 87' lang='lat' dir='ltr'>jusserunt,</span> <span class='ocrx_word' id='word_1_26' title='bbox 984 540 1097 601; x_wconf 90' lang='lat' dir='ltr'>ipsis</span> <span class='ocrx_word' id='word_1_27' title='bbox 1134 539 1427 602; x_wconf 82' lang='lat' dir='ltr'>imponentes</span> <span class='ocrx_word' id='word_1_28' title='bbox 1468 537 1635 602; x_wconf 86' lang='lat' dir='ltr'>[quod]</span> 
     </span>
     <span class='ocr_line' id='line_1_5' title="bbox 232 614 1634 664; baseline -0.003 0"><span class='ocrx_word' id='word_1_29' title='bbox 232 617 514 664; x_wconf 82' lang='lat' dir='ltr'>clandestine</span> <span class='ocrx_word' id='word_1_30' title='bbox 549 621 595 663; x_wconf 89' lang='lat' dir='ltr'>et</span> <span class='ocrx_word' id='word_1_31' title='bbox 635 615 693 662; x_wconf 91' lang='lat' dir='ltr'>de</span> <span class='ocrx_word' id='word_1_32' title='bbox 731 620 865 661; x_wconf 87' lang='lat' dir='ltr'>nocte</span> <span class='ocrx_word' id='word_1_33' title='bbox 902 615 1143 662; x_wconf 90' lang='lat' dir='ltr'>dominum</span> <span class='ocrx_word' id='word_1_34' title='bbox 1185 616 1353 663; x_wconf 89' lang='lat' dir='ltr'>ducem</span> <span class='ocrx_word' id='word_1_35' title='bbox 1392 616 1435 662; x_wconf 90' lang='lat' dir='ltr'>in</span> <span class='ocrx_word' id='word_1_36' title='bbox 1478 614 1634 661; x_wconf 86' lang='lat' dir='ltr'>villam</span> 
     </span>
     <span class='ocr_line' id='line_1_6' title="bbox 230 690 1633 755; baseline -0.003 -15"><span class='ocrx_word' id='word_1_37' title='bbox 230 694 540 741; x_wconf 78' lang='lat' dir='ltr'>intromittere</span> <span class='ocrx_word' id='word_1_38' title='bbox 558 692 944 754; x_wconf 63' lang='lat' dir='ltr'>temptaveranw.</span> <span class='ocrx_word' id='word_1_39' title='bbox 969 695 1066 739; x_wconf 90' lang='lat' dir='ltr'>Hoc</span> <span class='ocrx_word' id='word_1_40' title='bbox 1087 697 1240 738; x_wconf 92' lang='lat' dir='ltr'>tamen</span> <span class='ocrx_word' id='word_1_41' title='bbox 1258 691 1481 755; x_wconf 89' lang='lat' dir='ltr'>judicium</span> <span class='ocrx_word' id='word_1_42' title='bbox 1501 690 1633 737; x_wconf 88' lang='lat' dir='ltr'>multi</span> 
     </span>
     <span class='ocr_line' id='line_1_7' title="bbox 230 767 1637 832; baseline -0.002 -17"><span class='ocrx_word' id='word_1_43' title='bbox 230 774 569 832; x_wconf 86' lang='lat' dir='ltr'>reputaverunt</span> <span class='ocrx_word' id='word_1_44' title='bbox 586 768 808 832; x_wconf 88' lang='lat' dir='ltr'>injustum</span> <span class='ocrx_word' id='word_1_45' title='bbox 829 768 890 815; x_wconf 94' lang='lat' dir='ltr'>ob</span> <span class='ocrx_word' id='word_1_46' title='bbox 909 767 1021 815; x_wconf 91' lang='lat' dir='ltr'>illud</span> <span class='ocrx_word' id='word_1_47' title='bbox 1042 767 1166 830; x_wconf 80' lang='lat' dir='ltr'>quod</span> <span class='ocrx_word' id='word_1_48' title='bbox 1189 774 1399 815; x_wconf 87' lang='lat' dir='ltr'>secutum</span> <span class='ocrx_word' id='word_1_49' title='bbox 1420 773 1508 823; x_wconf 88' lang='lat' dir='ltr'>est,</span> <span class='ocrx_word' id='word_1_50' title='bbox 1530 782 1637 813; x_wconf 89' lang='lat' dir='ltr'>nam</span> 
     </span>
     <span class='ocr_line' id='line_1_8' title="bbox 230 843 1636 909; baseline -0.002 -16"><span class='ocrx_word' id='word_1_51' title='bbox 230 862 337 894; x_wconf 83' lang='lat' dir='ltr'>curn</span> <span class='ocrx_word' id='word_1_52' title='bbox 363 845 584 909; x_wconf 89' lang='lat' dir='ltr'>magister</span> <span class='ocrx_word' id='word_1_53' title='bbox 606 845 837 908; x_wconf 89' lang='lat' dir='ltr'>pontium,</span> <span class='ocrx_word' id='word_1_54' title='bbox 864 844 987 891; x_wconf 84' lang='lat' dir='ltr'>ssexo</span> <span class='ocrx_word' id='word_1_55' title='bbox 1011 844 1205 907; x_wconf 82' lang='lat' dir='ltr'>poplite,</span> <span class='ocrx_word' id='word_1_56' title='bbox 1230 844 1379 891; x_wconf 90' lang='lat' dir='ltr'>lictori</span> <span class='ocrx_word' id='word_1_57' title='bbox 1405 843 1636 891; x_wconf 86' lang='lat' dir='ltr'>cervicem</span> 
     </span>
     <span class='ocr_line' id='line_1_9' title="bbox 230 921 1639 986; baseline -0.001 -17"><span class='ocrx_word' id='word_1_58' title='bbox 230 923 510 986; x_wconf 89' lang='lat' dir='ltr'>prebuisset‚</span> <span class='ocrx_word' id='word_1_59' title='bbox 534 921 699 968; x_wconf 88' lang='lat' dir='ltr'>astiam</span> <span class='ocrx_word' id='word_1_60' title='bbox 720 922 828 984; x_wconf 88' lang='lat' dir='ltr'>quia</span> <span class='ocrx_word' id='word_1_61' title='bbox 845 921 1076 968; x_wconf 77' lang='lat' dir='ltr'>vibrasset</span> <span class='ocrx_word' id='word_1_62' title='bbox 1094 921 1247 968; x_wconf 88' lang='lat' dir='ltr'>subito</span> <span class='ocrx_word' id='word_1_63' title='bbox 1268 921 1439 968; x_wconf 88' lang='lat' dir='ltr'>cadens</span> <span class='ocrx_word' id='word_1_64' title='bbox 1460 921 1505 967; x_wconf 90' lang='lat' dir='ltr'>in</span> <span class='ocrx_word' id='word_1_65' title='bbox 1529 937 1639 984; x_wconf 90' lang='lat' dir='ltr'>spu-</span> 
     </span>
     <span class='ocr_line' id='line_1_10' title="bbox 229 998 967 1062; baseline -0.003 -16"><span class='ocrx_word' id='word_1_66' title='bbox 229 1015 354 1046; x_wconf 86' lang='lat' dir='ltr'>mam</span> <span class='ocrx_word' id='word_1_67' title='bbox 375 1004 421 1046; x_wconf 91' lang='lat' dir='ltr'>et</span> <span class='ocrx_word' id='word_1_68' title='bbox 447 1015 532 1062; x_wconf 89' lang='lat' dir='ltr'>per</span> <span class='ocrx_word' id='word_1_69' title='bbox 558 1015 611 1045; x_wconf 93' lang='lat' dir='ltr'>os</span> <span class='ocrx_word' id='word_1_70' title='bbox 637 998 916 1045; x_wconf 90' lang='lat' dir='ltr'>emittens...</span> <span class='ocrx_word' id='word_1_71' title='bbox 932 998 967 1045; x_wconf 74' lang='lat'>2.</span> 
     </span>
    </p>

    <p class='ocr_par' dir='ltr' id='par_1_3' title="bbox 226 1073 1639 1659">
     <span class='ocr_line' id='line_1_11' title="bbox 293 1073 1639 1137; baseline -0.002 -14"><span class='ocrx_word' id='word_1_72' title='bbox 293 1074 407 1124; x_wconf 69' lang='lat'><strong>284.</strong></span> <span class='ocrx_word' id='word_1_73' title='bbox 437 1102 499 1110; x_wconf 93' lang='lat'>—</span> <span class='ocrx_word' id='word_1_74' title='bbox 525 1074 676 1121; x_wconf 88' lang='lat' dir='ltr'>Multis</span> <span class='ocrx_word' id='word_1_75' title='bbox 705 1073 874 1121; x_wconf 84' lang='lat' dir='ltr'>deinde</span> <span class='ocrx_word' id='word_1_76' title='bbox 897 1073 1062 1121; x_wconf 90' lang='lat' dir='ltr'>diebus</span> <span class='ocrx_word' id='word_1_77' title='bbox 1088 1073 1210 1120; x_wconf 89' lang='lat' dir='ltr'>inter</span> <span class='ocrx_word' id='word_1_78' title='bbox 1238 1078 1401 1137; x_wconf 80' lang='lat' dir='ltr'>gentes</span> <span class='ocrx_word' id='word_1_79' title='bbox 1431 1073 1562 1120; x_wconf 90' lang='lat' dir='ltr'>ducis</span> <span class='ocrx_word' id='word_1_80' title='bbox 1591 1078 1639 1120; x_wconf 88' lang='lat' dir='ltr'>et</span> 
     </span>
     <span class='ocr_line' id='line_1_12' title="bbox 227 1149 1636 1215; baseline -0.002 -17"><span class='ocrx_word' id='word_1_81' title='bbox 227 1151 444 1199; x_wconf 86' lang='lat' dir='ltr'>custodes</span> <span class='ocrx_word' id='word_1_82' title='bbox 462 1156 598 1215; x_wconf 88' lang='lat' dir='ltr'>porte</span> <span class='ocrx_word' id='word_1_83' title='bbox 618 1151 769 1198; x_wconf 81' lang='lat' dir='ltr'>Sancti</span> <span class='ocrx_word' id='word_1_84' title='bbox 788 1150 975 1198; x_wconf 87' lang='lat' dir='ltr'>Antonii</span> <span class='ocrx_word' id='word_1_85' title='bbox 1002 1149 1147 1197; x_wconf 90' lang='lat' dir='ltr'>multa</span> <span class='ocrx_word' id='word_1_86' title='bbox 1175 1166 1320 1213; x_wconf 88' lang='lat' dir='ltr'>parva</span> <span class='ocrx_word' id='word_1_87' title='bbox 1340 1150 1484 1213; x_wconf 87' lang='lat' dir='ltr'>prelia</span> <span class='ocrx_word' id='word_1_88' title='bbox 1506 1150 1636 1196; x_wconf 90' lang='lat' dir='ltr'>vario</span> 
     </span>
     <span class='ocr_line' id='line_1_13' title="bbox 228 1226 1636 1291; baseline -0.001 -16"><span class='ocrx_word' id='word_1_89' title='bbox 228 1233 397 1276; x_wconf 85' lang='lat' dir='ltr'>eventu</span> <span class='ocrx_word' id='word_1_90' title='bbox 414 1227 665 1275; x_wconf 84' lang='lat' dir='ltr'>commissa</span> <span class='ocrx_word' id='word_1_91' title='bbox 681 1233 789 1275; x_wconf 88' lang='lat' dir='ltr'>sunt</span> <span class='ocrx_word' id='word_1_92' title='bbox 806 1233 853 1274; x_wconf 91' lang='lat' dir='ltr'>et</span> <span class='ocrx_word' id='word_1_93' title='bbox 872 1226 1081 1274; x_wconf 85' lang='lat' dir='ltr'>officiarii</span> <span class='ocrx_word' id='word_1_94' title='bbox 1096 1226 1225 1274; x_wconf 89' lang='lat' dir='ltr'>ducis</span> <span class='ocrx_word' id='word_1_95' title='bbox 1245 1226 1426 1291; x_wconf 77' lang='lat' dir='ltr'>ingredi</span> <span class='ocrx_word' id='word_1_96' title='bbox 1446 1226 1636 1290; x_wconf 89' lang='lat' dir='ltr'>cupien-</span> 
     </span>
     <span class='ocr_line' id='line_1_14' title="bbox 227 1302 1635 1362; baseline -0.002 -11"><span class='ocrx_word' id='word_1_97' title='bbox 227 1309 315 1362; x_wconf 90' lang='lat' dir='ltr'>tes,</span> <span class='ocrx_word' id='word_1_98' title='bbox 341 1303 537 1352; x_wconf 87' lang='lat' dir='ltr'>dicendo</span> <span class='ocrx_word' id='word_1_99' title='bbox 563 1322 571 1350; x_wconf 81' lang='lat' dir='ltr'>z</span> <span class='ocrx_word' id='word_1_100' title='bbox 601 1323 620 1348; x_wconf 74' lang='grc' dir='ltr'>ε(</span> <span class='ocrx_word' id='word_1_101' title='bbox 648 1304 772 1351; x_wconf 88' lang='lat' dir='ltr'>Eatis</span> <span class='ocrx_word' id='word_1_102' title='bbox 792 1303 849 1350; x_wconf 87' lang='lat' dir='ltr'>ad</span> <span class='ocrx_word' id='word_1_103' title='bbox 871 1310 1082 1350; x_wconf 89' lang='lat' dir='ltr'>vestrum</span> <span class='ocrx_word' id='word_1_104' title='bbox 1102 1302 1286 1359; x_wconf 90' lang='lat' dir='ltr'>ducem,</span> <span class='ocrx_word' id='word_1_105' title='bbox 1316 1322 1336 1347; x_wconf 64' lang='lat' dir='ltr'>n</span> <span class='ocrx_word' id='word_1_106' title='bbox 1369 1319 1460 1349; x_wconf 93' lang='lat' dir='ltr'>non</span> <span class='ocrx_word' id='word_1_107' title='bbox 1482 1303 1635 1350; x_wconf 91' lang='lat' dir='ltr'>solum</span> 
     </span>
     <span class='ocr_line' id='line_1_15' title="bbox 227 1379 1635 1445; baseline -0.002 -17"><span class='ocrx_word' id='word_1_108' title='bbox 227 1399 253 1428; x_wconf 90' lang='lat' dir='ltr'>a</span> <span class='ocrx_word' id='word_1_109' title='bbox 268 1381 538 1429; x_wconf 83' lang='lat' dir='ltr'>custodibus</span> <span class='ocrx_word' id='word_1_110' title='bbox 551 1381 848 1445; x_wconf 88' lang='lat' dir='ltr'>patiebantur</span> <span class='ocrx_word' id='word_1_111' title='bbox 864 1380 1100 1443; x_wconf 86' lang='lat' dir='ltr'>repulsam</span> <span class='ocrx_word' id='word_1_112' title='bbox 1119 1379 1219 1436; x_wconf 89' lang='lat' dir='ltr'>sed,</span> <span class='ocrx_word' id='word_1_113' title='bbox 1240 1379 1457 1426; x_wconf 88' lang='lat' dir='ltr'>domibus</span> <span class='ocrx_word' id='word_1_114' title='bbox 1472 1395 1635 1426; x_wconf 91' lang='lat' dir='ltr'>eorum</span> 
     </span>
     <span class='ocr_line' id='line_1_16' title="bbox 227 1456 1634 1522; baseline -0.001 -17"><span class='ocrx_word' id='word_1_115' title='bbox 227 1458 428 1505; x_wconf 88' lang='lat' dir='ltr'>redactis</span> <span class='ocrx_word' id='word_1_116' title='bbox 459 1458 516 1505; x_wconf 90' lang='lat' dir='ltr'>ad</span> <span class='ocrx_word' id='word_1_117' title='bbox 547 1458 774 1522; x_wconf 87' lang='lat' dir='ltr'>justitiam</span> <span class='ocrx_word' id='word_1_118' title='bbox 807 1457 1057 1522; x_wconf 87' lang='lat' dir='ltr'>publicam,</span> <span class='ocrx_word' id='word_1_119' title='bbox 1095 1457 1218 1504; x_wconf 87' lang='lat' dir='ltr'>bona</span> <span class='ocrx_word' id='word_1_120' title='bbox 1252 1474 1415 1504; x_wconf 89' lang='lat' dir='ltr'>eorum</span> <span class='ocrx_word' id='word_1_121' title='bbox 1445 1456 1634 1504; x_wconf 88' lang='lat' dir='ltr'>mobilia</span> 
     </span>
     <span class='ocr_line' id='line_1_17' title="bbox 227 1532 1635 1598; baseline -0.002 -16"><span class='ocrx_word' id='word_1_122' title='bbox 227 1535 400 1598; x_wconf 88' lang='lat' dir='ltr'>ubique</span> <span class='ocrx_word' id='word_1_123' title='bbox 422 1539 468 1581; x_wconf 88' lang='lat' dir='ltr'>et</span> <span class='ocrx_word' id='word_1_124' title='bbox 493 1534 550 1581; x_wconf 90' lang='lat' dir='ltr'>ad</span> <span class='ocrx_word' id='word_1_125' title='bbox 577 1534 761 1582; x_wconf 89' lang='lat' dir='ltr'>libitum</span> <span class='ocrx_word' id='word_1_126' title='bbox 794 1534 1097 1598; x_wconf 82' lang='lat' dir='ltr'>rapiebantur</span> <span class='ocrx_word' id='word_1_127' title='bbox 1122 1540 1168 1581; x_wconf 91' lang='lat' dir='ltr'>et</span> <span class='ocrx_word' id='word_1_128' title='bbox 1194 1533 1443 1597; x_wconf 87' lang='lat' dir='ltr'>direptioni</span> <span class='ocrx_word' id='word_1_129' title='bbox 1479 1532 1635 1597; x_wconf 89' lang='lat' dir='ltr'>subja-</span> 
     </span>
     <span class='ocr_line' id='line_1_18' title="bbox 226 1611 411 1659; baseline 0 -1"><span class='ocrx_word' id='word_1_130' title='bbox 226 1611 411 1659; x_wconf 90' lang='lat' dir='ltr'>cebant.</span> 
     </span>
    </p>

    <p class='ocr_par' dir='ltr' id='par_1_4' title="bbox 222 1686 1634 2366">
     <span class='ocr_line' id='line_1_19' title="bbox 290 1686 1631 1745; baseline -0.002 -10"><span class='ocrx_word' id='word_1_131' title='bbox 290 1687 404 1736; x_wconf 68' lang='lat'><strong>285.</strong></span> <span class='ocrx_word' id='word_1_132' title='bbox 437 1716 500 1724; x_wconf 95' lang='lat'><strong>—</strong></span> <span class='ocrx_word' id='word_1_133' title='bbox 527 1688 736 1745; x_wconf 89' lang='lat' dir='ltr'>Interim,</span> <span class='ocrx_word' id='word_1_134' title='bbox 776 1688 889 1735; x_wconf 89' lang='lat' dir='ltr'>dum</span> <span class='ocrx_word' id='word_1_135' title='bbox 924 1705 1008 1735; x_wconf 87' lang='lat' dir='ltr'>rex</span> <span class='ocrx_word' id='word_1_136' title='bbox 1044 1691 1248 1735; x_wconf 88' lang='lat' dir='ltr'>Navarre</span> <span class='ocrx_word' id='word_1_137' title='bbox 1285 1703 1407 1734; x_wconf 91' lang='lat' dir='ltr'>nunc</span> <span class='ocrx_word' id='word_1_138' title='bbox 1441 1687 1485 1733; x_wconf 91' lang='lat' dir='ltr'>in</span> <span class='ocrx_word' id='word_1_139' title='bbox 1524 1686 1631 1733; x_wconf 93' lang='lat' dir='ltr'>villa</span> 
     </span>
     <span class='ocr_line' id='line_1_20' title="bbox 225 1764 1632 1829; baseline -0.001 -17"><span class='ocrx_word' id='word_1_140' title='bbox 225 1765 492 1823; x_wconf 89' lang='lat' dir='ltr'>Parisiensi,</span> <span class='ocrx_word' id='word_1_141' title='bbox 530 1782 651 1813; x_wconf 89' lang='lat' dir='ltr'>nunc</span> <span class='ocrx_word' id='word_1_142' title='bbox 682 1765 728 1811; x_wconf 92' lang='lat' dir='ltr'>in</span> <span class='ocrx_word' id='word_1_143' title='bbox 764 1767 933 1812; x_wconf 85' lang='lat' dir='ltr'>Sancto</span> <span class='ocrx_word' id='word_1_144' title='bbox 964 1764 1209 1829; x_wconf 88' lang='lat' dir='ltr'>Dyonisio,</span> <span class='ocrx_word' id='word_1_145' title='bbox 1247 1781 1353 1812; x_wconf 89' lang='lat' dir='ltr'>cum</span> <span class='ocrx_word' id='word_1_146' title='bbox 1389 1764 1632 1827; x_wconf 89' lang='lat' dir='ltr'>preposito</span> 
     </span>
     <span class='ocr_line' id='line_1_21' title="bbox 225 1841 1634 1905; baseline -0.001 -17"><span class='ocrx_word' id='word_1_147' title='bbox 225 1847 539 1889; x_wconf 88' lang='lat' dir='ltr'>mercatorum</span> <span class='ocrx_word' id='word_1_148' title='bbox 573 1848 617 1889; x_wconf 95' lang='lat' dir='ltr'>et</span> <span class='ocrx_word' id='word_1_149' title='bbox 651 1844 746 1890; x_wconf 89' lang='lat' dir='ltr'>suis</span> <span class='ocrx_word' id='word_1_150' title='bbox 773 1841 1079 1905; x_wconf 89' lang='lat' dir='ltr'>complicibus</span> <span class='ocrx_word' id='word_1_151' title='bbox 1113 1857 1255 1904; x_wconf 89' lang='lat' dir='ltr'>super</span> <span class='ocrx_word' id='word_1_152' title='bbox 1286 1841 1478 1905; x_wconf 83' lang='lat' dir='ltr'>agendis</span> <span class='ocrx_word' id='word_1_153' title='bbox 1512 1846 1634 1888; x_wconf 89' lang='lat' dir='ltr'>trac-</span> 
     </span>
     <span class='ocr_line' id='line_1_22' title="bbox 224 1918 1632 1982; baseline -0.001 -17"><span class='ocrx_word' id='word_1_154' title='bbox 224 1924 399 1974; x_wconf 82' lang='lat' dir='ltr'>tarent,</span> <span class='ocrx_word' id='word_1_155' title='bbox 442 1925 638 1982; x_wconf 85' lang='lat' dir='ltr'>propter</span> <span class='ocrx_word' id='word_1_156' title='bbox 675 1919 846 1982; x_wconf 88' lang='lat' dir='ltr'>predas</span> <span class='ocrx_word' id='word_1_157' title='bbox 886 1935 1002 1981; x_wconf 84' lang='lat' dir='ltr'>quas</span> <span class='ocrx_word' id='word_1_158' title='bbox 1041 1918 1218 1982; x_wconf 88' lang='lat' dir='ltr'>Anglici</span> <span class='ocrx_word' id='word_1_159' title='bbox 1256 1918 1378 1965; x_wconf 91' lang='lat' dir='ltr'>circa</span> <span class='ocrx_word' id='word_1_160' title='bbox 1422 1923 1632 1965; x_wconf 88' lang='lat' dir='ltr'>sanctum</span> 
     </span>
     <span class='ocr_line' id='line_1_23' title="bbox 224 1995 1633 2060; baseline 0 -19"><span class='ocrx_word' id='word_1_161' title='bbox 224 1995 494 2059; x_wconf 80' lang='lat' dir='ltr'>Dyonisium</span> <span class='ocrx_word' id='word_1_162' title='bbox 529 2001 575 2043; x_wconf 89' lang='lat' dir='ltr'>et</span> <span class='ocrx_word' id='word_1_163' title='bbox 612 2013 759 2060; x_wconf 85' lang='lat' dir='ltr'>usque</span> <span class='ocrx_word' id='word_1_164' title='bbox 792 1996 992 2043; x_wconf 89' lang='lat' dir='ltr'>Parisius</span> <span class='ocrx_word' id='word_1_165' title='bbox 1029 1996 1309 2043; x_wconf 86' lang='lat' dir='ltr'>exercebant</span> <span class='ocrx_word' id='word_1_166' title='bbox 1348 2012 1433 2042; x_wconf 91' lang='lat' dir='ltr'>nec</span> <span class='ocrx_word' id='word_1_167' title='bbox 1468 1995 1633 2042; x_wconf 86' lang='lat' dir='ltr'>moniti</span> 
     </span>
     <span class='ocr_line' id='line_1_24' title="bbox 223 2071 1632 2134; baseline -0.001 -16"><span class='ocrx_word' id='word_1_168' title='bbox 223 2071 456 2118; x_wconf 86' lang='lat' dir='ltr'>abstinere</span> <span class='ocrx_word' id='word_1_169' title='bbox 471 2072 706 2130; x_wconf 87' lang='lat' dir='ltr'>volebant⁷</span> <span class='ocrx_word' id='word_1_170' title='bbox 723 2072 932 2134; x_wconf 87' lang='lat' dir='ltr'>quinimo</span> <span class='ocrx_word' id='word_1_171' title='bbox 947 2077 1103 2119; x_wconf 90' lang='lat' dir='ltr'>erecto</span> <span class='ocrx_word' id='word_1_172' title='bbox 1120 2071 1387 2134; x_wconf 88' lang='lat' dir='ltr'>supercilio,</span> <span class='ocrx_word' id='word_1_173' title='bbox 1406 2071 1632 2133; x_wconf 87' lang='lat' dir='ltr'>nequiora</span> 
     </span>
     <span class='ocr_line' id='line_1_25' title="bbox 222 2147 1631 2212; baseline -0.001 -18"><span class='ocrx_word' id='word_1_174' title='bbox 222 2164 360 2212; x_wconf 92' lang='lat' dir='ltr'>agere</span> <span class='ocrx_word' id='word_1_175' title='bbox 402 2148 718 2205; x_wconf 84' lang='lat' dir='ltr'>minabantur,</span> <span class='ocrx_word' id='word_1_176' title='bbox 765 2149 890 2196; x_wconf 87' lang='lat' dir='ltr'>cives</span> <span class='ocrx_word' id='word_1_177' title='bbox 931 2148 976 2195; x_wconf 91' lang='lat' dir='ltr'>in</span> <span class='ocrx_word' id='word_1_178' title='bbox 1022 2166 1102 2196; x_wconf 92' lang='lat' dir='ltr'>eos</span> <span class='ocrx_word' id='word_1_179' title='bbox 1143 2148 1186 2195; x_wconf 89' lang='lat' dir='ltr'>in</span> <span class='ocrx_word' id='word_1_180' title='bbox 1232 2148 1339 2194; x_wconf 91' lang='lat' dir='ltr'>villa</span> <span class='ocrx_word' id='word_1_181' title='bbox 1381 2147 1631 2195; x_wconf 86' lang='lat' dir='ltr'>Parisiensi</span> 
     </span>
     <span class='ocr_line' id='line_1_26' title="bbox 222 2224 1634 2282; baseline 0 -12"><span class='ocrx_word' id='word_1_182' title='bbox 222 2224 460 2272; x_wconf 88' lang='lat' dir='ltr'>irruerunt</span> <span class='ocrx_word' id='word_1_183' title='bbox 486 2231 532 2272; x_wconf 89' lang='lat' dir='ltr'>et</span> <span class='ocrx_word' id='word_1_184' title='bbox 554 2241 613 2271; x_wconf 83' lang='lat' dir='ltr'>ex</span> <span class='ocrx_word' id='word_1_185' title='bbox 639 2225 710 2281; x_wconf 90' lang='lat' dir='ltr'>iis,</span> <span class='ocrx_word' id='word_1_186' title='bbox 741 2225 898 2272; x_wconf 89' lang='lat' dir='ltr'>multis</span> <span class='ocrx_word' id='word_1_187' title='bbox 917 2225 1100 2282; x_wconf 82' lang='lat' dir='ltr'>occisis,</span> <span class='ocrx_word' id='word_1_188' title='bbox 1128 2231 1309 2272; x_wconf 87' lang='lat' dir='ltr'>ceteros</span> <span class='ocrx_word' id='word_1_189' title='bbox 1335 2224 1475 2271; x_wconf 88' lang='lat' dir='ltr'>variis</span> <span class='ocrx_word' id='word_1_190' title='bbox 1504 2241 1634 2271; x_wconf 89' lang='lat' dir='ltr'>man—</span> 
     </span>
     <span class='ocr_line' id='line_1_27' title="bbox 223 2301 1632 2366; baseline 0 -18"><span class='ocrx_word' id='word_1_191' title='bbox 223 2301 497 2365; x_wconf 88' lang='lat' dir='ltr'>cipaverunt</span> <span class='ocrx_word' id='word_1_192' title='bbox 524 2302 805 2350; x_wconf 88' lang='lat' dir='ltr'>carceribus.</span> <span class='ocrx_word' id='word_1_193' title='bbox 833 2305 1008 2366; x_wconf 89' lang='lat' dir='ltr'>Regem</span> <span class='ocrx_word' id='word_1_194' title='bbox 1034 2319 1148 2350; x_wconf 89' lang='lat' dir='ltr'>vero</span> <span class='ocrx_word' id='word_1_195' title='bbox 1174 2306 1378 2349; x_wconf 88' lang='lat' dir='ltr'>Navarre</span> <span class='ocrx_word' id='word_1_196' title='bbox 1405 2302 1632 2349; x_wconf 85' lang='lat' dir='ltr'>adeuntes</span> 
     </span>
    </p>
   </div>
   <div class='ocr_carea' id='block_1_3' title="bbox 222 2431 1629 2777">
    <p class='ocr_par' dir='ltr' id='par_1_5' title="bbox 222 2431 1629 2597">
     <span class='ocr_line' id='line_1_28' title="bbox 272 2431 1629 2479; baseline 0.001 -13"><span class='ocrx_word' id='word_1_197' title='bbox 272 2432 304 2466; x_wconf 83' lang='lat'>1.</span> <span class='ocrx_word' id='word_1_198' title='bbox 327 2431 486 2478; x_wconf 79' lang='lat' dir='ltr'>D&#39;apres</span> <span class='ocrx_word' id='word_1_199' title='bbox 509 2433 562 2468; x_wconf 89' lang='lat' dir='ltr'>les</span> <span class='ocrx_word' id='word_1_200' title='bbox 584 2432 745 2468; x_wconf 74' lang='lat' dir='ltr'>Grandes</span> <span class='ocrx_word' id='word_1_201' title='bbox 767 2432 991 2476; x_wconf 54' lang='lat' dir='ltr'>Chronfiques</span> <span class='ocrx_word' id='word_1_202' title='bbox 1014 2432 1052 2477; x_wconf 87' lang='lat' dir='ltr'>(t.</span> <span class='ocrx_word' id='word_1_203' title='bbox 1071 2432 1140 2478; x_wconf 85' lang='lat' dir='ltr'>VI,</span> <span class='ocrx_word' id='word_1_204' title='bbox 1160 2443 1196 2479; x_wconf 88' lang='lat' dir='ltr'>p.</span> <span class='ocrx_word' id='word_1_205' title='bbox 1214 2433 1309 2478; x_wconf 71' lang='lat'>441),</span> <span class='ocrx_word' id='word_1_206' title='bbox 1333 2432 1563 2468; x_wconf 61' lang='lat' dir='ltr'>[execution</span> <span class='ocrx_word' id='word_1_207' title='bbox 1586 2431 1629 2467; x_wconf 79' lang='lat' dir='ltr'>de</span> 
     </span>
     <span class='ocr_line' id='line_1_29' title="bbox 222 2492 1629 2540; baseline -0.001 -12"><span class='ocrx_word' id='word_1_208' title='bbox 222 2492 348 2528; x_wconf 80' lang='lat' dir='ltr'>Jehan</span> <span class='ocrx_word' id='word_1_209' title='bbox 369 2492 498 2538; x_wconf 76' lang='lat' dir='ltr'>Paret,</span> <span class='ocrx_word' id='word_1_210' title='bbox 517 2493 655 2528; x_wconf 85' lang='lat' dir='ltr'>maitre</span> <span class='ocrx_word' id='word_1_211' title='bbox 677 2492 725 2527; x_wconf 88' lang='lat' dir='ltr'>du</span> <span class='ocrx_word' id='word_1_212' title='bbox 747 2497 841 2539; x_wconf 86' lang='lat' dir='ltr'>pont</span> <span class='ocrx_word' id='word_1_213' title='bbox 861 2492 905 2528; x_wconf 85' lang='lat' dir='ltr'>de</span> <span class='ocrx_word' id='word_1_214' title='bbox 931 2493 1052 2539; x_wconf 80' lang='lat' dir='ltr'>Paris,</span> <span class='ocrx_word' id='word_1_215' title='bbox 1068 2498 1104 2528; x_wconf 86' lang='lat' dir='ltr'>et</span> <span class='ocrx_word' id='word_1_216' title='bbox 1125 2492 1170 2528; x_wconf 90' lang='lat' dir='ltr'>de</span> <span class='ocrx_word' id='word_1_217' title='bbox 1192 2493 1327 2540; x_wconf 86' lang='lat' dir='ltr'>Henry</span> <span class='ocrx_word' id='word_1_218' title='bbox 1349 2493 1504 2536; x_wconf 81' lang='lat' dir='ltr'>Metret,</span> <span class='ocrx_word' id='word_1_219' title='bbox 1521 2493 1629 2527; x_wconf 75' lang='lat' dir='ltr'>eliar-</span> 
     </span>
     <span class='ocr_line' id='line_1_30' title="bbox 222 2551 1066 2597; baseline 0.002 -11"><span class='ocrx_word' id='word_1_220' title='bbox 222 2551 374 2597; x_wconf 83' lang='lat' dir='ltr'>pentier</span> <span class='ocrx_word' id='word_1_221' title='bbox 393 2551 441 2587; x_wconf 83' lang='lat' dir='ltr'>du</span> <span class='ocrx_word' id='word_1_222' title='bbox 464 2551 534 2597; x_wconf 84' lang='lat' dir='ltr'>roi,</span> <span class='ocrx_word' id='word_1_223' title='bbox 556 2557 621 2588; x_wconf 86' lang='lat' dir='ltr'>eut</span> <span class='ocrx_word' id='word_1_224' title='bbox 644 2552 719 2588; x_wconf 89' lang='lat' dir='ltr'>lieu</span> <span class='ocrx_word' id='word_1_225' title='bbox 741 2552 775 2587; x_wconf 89' lang='lat' dir='ltr'>le</span> <span class='ocrx_word' id='word_1_226' title='bbox 796 2552 840 2588; x_wconf 71' lang='lat'>29</span> <span class='ocrx_word' id='word_1_227' title='bbox 861 2552 937 2587; x_wconf 82' lang='lat' dir='ltr'>mai</span> <span class='ocrx_word' id='word_1_228' title='bbox 960 2552 1066 2588; x_wconf 73' lang='lat'><strong>1358.</strong></span> 
     </span>
    </p>

    <p class='ocr_par' dir='ltr' id='par_1_6' title="bbox 223 2610 1629 2777">
     <span class='ocr_line' id='line_1_31' title="bbox 269 2610 1629 2658; baseline -0.001 -13"><span class='ocrx_word' id='word_1_229' title='bbox 269 2610 303 2646; x_wconf 68' lang='lat'>2.</span> <span class='ocrx_word' id='word_1_230' title='bbox 327 2610 379 2646; x_wconf 88' lang='lat' dir='ltr'>Le</span> <span class='ocrx_word' id='word_1_231' title='bbox 401 2616 501 2647; x_wconf 81' lang='lat' dir='ltr'>reste</span> <span class='ocrx_word' id='word_1_232' title='bbox 522 2610 567 2647; x_wconf 87' lang='lat' dir='ltr'>de</span> <span class='ocrx_word' id='word_1_233' title='bbox 588 2612 624 2646; x_wconf 80' lang='lat' dir='ltr'>la</span> <span class='ocrx_word' id='word_1_234' title='bbox 644 2612 782 2658; x_wconf 85' lang='lat' dir='ltr'>phrase</span> <span class='ocrx_word' id='word_1_235' title='bbox 804 2622 843 2647; x_wconf 86' lang='lat' dir='ltr'>se</span> <span class='ocrx_word' id='word_1_236' title='bbox 864 2616 999 2647; x_wconf 83' lang='lat' dir='ltr'>trouve</span> <span class='ocrx_word' id='word_1_237' title='bbox 1021 2611 1117 2647; x_wconf 85' lang='lat' dir='ltr'>omis</span> <span class='ocrx_word' id='word_1_238' title='bbox 1139 2611 1234 2648; x_wconf 84' lang='lat' dir='ltr'>dans</span> <span class='ocrx_word' id='word_1_239' title='bbox 1256 2612 1290 2647; x_wconf 86' lang='lat' dir='ltr'>le</span> <span class='ocrx_word' id='word_1_240' title='bbox 1308 2611 1539 2655; x_wconf 78' lang='lat' dir='ltr'>manuscrit,</span> <span class='ocrx_word' id='word_1_241' title='bbox 1560 2615 1592 2646; x_wconf 90' lang='lat' dir='ltr'>et</span> <span class='ocrx_word' id='word_1_242' title='bbox 1609 2610 1629 2644; x_wconf 66' lang='lat' dir='ltr'>a</span> 
     </span>
     <span class='ocr_line' id='line_1_32' title="bbox 224 2668 1629 2718; baseline 0.001 -15"><span class='ocrx_word' id='word_1_243' title='bbox 224 2668 261 2704; x_wconf 88' lang='lat' dir='ltr'>la</span> <span class='ocrx_word' id='word_1_244' title='bbox 280 2669 387 2715; x_wconf 77' lang='lat' dir='ltr'>place</span> <span class='ocrx_word' id='word_1_245' title='bbox 409 2681 458 2705; x_wconf 91' lang='lat' dir='ltr'>on</span> <span class='ocrx_word' id='word_1_246' title='bbox 481 2675 617 2707; x_wconf 83' lang='lat' dir='ltr'>trouve</span> <span class='ocrx_word' id='word_1_247' title='bbox 644 2671 699 2706; x_wconf 90' lang='lat' dir='ltr'>les</span> <span class='ocrx_word' id='word_1_248' title='bbox 726 2676 825 2707; x_wconf 83' lang='lat' dir='ltr'>mots</span> <span class='ocrx_word' id='word_1_249' title='bbox 854 2671 1043 2717; x_wconf 70' lang='lat' dir='ltr'>suiv-ants,</span> <span class='ocrx_word' id='word_1_250' title='bbox 1065 2671 1130 2718; x_wconf 89' lang='lat' dir='ltr'>qui</span> <span class='ocrx_word' id='word_1_251' title='bbox 1152 2682 1192 2707; x_wconf 90' lang='lat' dir='ltr'>se</span> <span class='ocrx_word' id='word_1_252' title='bbox 1215 2676 1437 2718; x_wconf 80' lang='lat' dir='ltr'>rapportent</span> <span class='ocrx_word' id='word_1_253' title='bbox 1459 2670 1629 2707; x_wconf 52' lang='lat' dir='ltr'>&amp;videm-</span> 
     </span>
     <span class='ocr_line' id='line_1_33' title="bbox 223 2728 1628 2777; baseline 0.001 -15"><span class='ocrx_word' id='word_1_254' title='bbox 223 2732 331 2763; x_wconf 88' lang='lat' dir='ltr'>ment</span> <span class='ocrx_word' id='word_1_255' title='bbox 345 2728 367 2762; x_wconf 70' lang='lat' dir='ltr'>a</span> <span class='ocrx_word' id='word_1_256' title='bbox 384 2739 434 2763; x_wconf 89' lang='lat' dir='ltr'>un</span> <span class='ocrx_word' id='word_1_257' title='bbox 451 2734 558 2765; x_wconf 84' lang='lat' dir='ltr'>autre</span> <span class='ocrx_word' id='word_1_258' title='bbox 580 2729 646 2765; x_wconf 84' lang='lat' dir='ltr'>fait</span> <span class='ocrx_word' id='word_1_259' title='bbox 664 2742 670 2764; x_wconf 78' lang='lat' dir='ltr'>t</span> <span class='ocrx_word' id='word_1_260' title='bbox 691 2743 704 2762; x_wconf 78' lang='grc' dir='ltr'>α</span> <span class='ocrx_word' id='word_1_261' title='bbox 721 2730 931 2766; x_wconf 83' lang='lat' dir='ltr'>Dominum</span> <span class='ocrx_word' id='word_1_262' title='bbox 950 2730 1207 2777; x_wconf 77' lang='lat' dir='ltr'>Reginaldum</span> <span class='ocrx_word' id='word_1_263' title='bbox 1227 2731 1271 2766; x_wconf 78' lang='lat' dir='ltr'>sle</span> <span class='ocrx_word' id='word_1_264' title='bbox 1289 2730 1475 2766; x_wconf 82' lang='lat' dir='ltr'>Fontibus</span> <span class='ocrx_word' id='word_1_265' title='bbox 1498 2740 1628 2766; x_wconf 83' lang='lat' dir='ltr'>secum</span> 
     </span>
    </p>
   </div>
   <div class='ocr_carea' id='block_1_4' title="bbox 225 2787 1487 2884">
    <p class='ocr_par' dir='ltr' id='par_1_7' title="bbox 225 2787 1487 2884">
     <span class='ocr_line' id='line_1_34' title="bbox 225 2787 731 2833; baseline 0 -10"><span class='ocrx_word' id='word_1_266' title='bbox 225 2787 422 2833; x_wconf 78' lang='lat' dir='ltr'>captivum</span> <span class='ocrx_word' id='word_1_267' title='bbox 443 2787 689 2826; x_wconf 83' lang='lat' dir='ltr'>deducentes.</span> <span class='ocrx_word' id='word_1_268' title='bbox 717 2803 731 2823; x_wconf 82' lang='lat'>»</span> 
     </span>
     <span class='ocr_line' id='line_1_35' title="bbox 372 2848 1487 2884; baseline -0.01 11"><span class='ocrx_word' id='word_1_269' title='bbox 372 2851 385 2880; x_wconf 78' lang='lat'><strong>¹</strong></span> <span class='ocrx_word' id='word_1_270' title='bbox 1468 2848 1487 2884; x_wconf 73' lang='grc'><strong>9</strong></span> 
     </span>
    </p>
   </div>
  </div>
 </body>
</html>
