2060 3345
336 310 401 345 170
572 310 774 343 RlCHARDl
802 309 927 340 SCOTI
955 307 1160 339 CHRONlCI
1188 307 1494 339 CONTINUATIO.
1617 304 1720 350 [1364

334 394 421 440 lam
444 391 577 455 jussit
603 394 668 445 ut,
696 401 912 433 ascensus
940 385 1041 448 (Sic)
1071 385 1219 448 equis,
1249 390 1377 431 trans
1409 384 1598 431 fluvium
1626 402 1723 432 sar-

331 470 456 516 cinas
492 472 539 514 et
576 463 907 527 impedimenta
947 477 1109 508 omnes
1145 461 1446 524 deportarent
1485 466 1531 506 et
1568 461 1722 525 fugam

331 544 598 592 simularent
641 544 692 586 ut
733 539 914 586 hostem
948 537 1007 584 ad
1039 536 1377 600 insequendum
1416 543 1723 599 provocarent

331 620 480 667 citius.
505 621 601 674 Que
622 614 831 669 audiens,
855 620 1017 676 captau
1034 612 1092 659 de
1118 616 1212 660 Beu
1233 612 1487 659 mirabatur
1510 614 1725 659 Bertran-

332 712 441 743 num
472 695 627 757 fugam
658 690 909 754 arripuisse
941 706 1025 736 nec
1065 689 1284 736 credebat
1326 688 1474 735 donec
1512 688 1634 735 istud
1667 705 1725 734 ex

330 770 549 818 relatione
590 767 842 814 multorum
878 781 1042 813 verum
1079 781 1179 812 esse
1218 763 1571 826 comparuisset.
1613 763 1726 810 Inde

329 846 581 912 gaudentes
601 842 855 891 adversarii
878 847 923 888 et
943 841 1074 905 quasi
1095 857 1248 887 arcam
1267 840 1459 887 victorie
1479 840 1575 903 jam
1597 845 1726 886 tene-

329 928 433 970 rent
450 922 536 986 [se]
552 919 858 968 ostenderunt
872 918 1082 966 ordinate
1100 924 1145 964 et
1158 918 1204 963 in
1229 933 1458 980 pomposo
1473 922 1697 979 apparatu
1711 935 1722 972 ς

330 998 455 1062 quod
476 997 739 1062 percipiens
753 999 1053 1051 Bertrannus,
1075 1010 1185 1040 mox
1200 993 1379 1041 Gallicis
1401 993 1583 1056 signum
1599 992 1727 1039 dedit

330 1074 571 1131 redeundi,
595 1080 640 1120 et
659 1078 770 1120 tunc
787 1078 966 1134 captau,
987 1070 1144 1134 fugam
1161 1069 1423 1132 percipiens
1444 1069 1723 1125 simulatam,

328 1167 489 1199 omnes
523 1150 702 1196 monuit
733 1154 784 1195 ut
813 1152 1080 1195 constanter
1111 1145 1310 1209 prelium
1346 1150 1646 1207 expectarent
1680 1151 1728 1191 et

327 1228 550 1290 cuppam1
597 1225 789 1288 quilibet
830 1222 1125 1286 accipiendo,
1167 1221 1471 1268 victualibus2
1516 1221 1727 1268 membra

328 1304 576 1350 refoveret.
615 1301 835 1351 Victualia
872 1306 918 1346 et
963 1304 1101 1362 potus
1142 1297 1352 1344 hostibus
1393 1296 1727 1343 habundantis-

328 1380 443 1428 sime
488 1377 823 1442 suppetebant,
869 1376 1074 1424 sciebant
1120 1375 1335 1421 nostros3
1377 1373 1473 1437 jam
1519 1378 1727 1420 attenua-

329 1463 400 1503 tos
427 1455 577 1503 media
604 1454 754 1501 solum
780 1469 899 1515 aqua
926 1451 1076 1508 refici3
1100 1456 1405 1513 quapropter,
1435 1465 1539 1496 cum
1566 1466 1728 1496 omnes

328 1532 571 1595 pedestres
597 1529 963 1585 descendissent,
991 1534 1170 1591 captau,
1201 1526 1487 1590 compatiens
1513 1529 1729 1573 Bertran-

328 1626 404 1666 no,
430 1608 667 1655 mandavit
692 1606 844 1654 eidem
870 1611 1046 1654 secrete
1069 1611 1119 1652 ut
1143 1604 1318 1651 rediret
1342 1620 1426 1650 nec
1452 1619 1501 1650 se
1527 1620 1728 1666 suosque

329 1690 583 1748 exponeret
609 1683 859 1730 inevitabili
891 1681 1146 1729 discrimini
1178 1680 1285 1727 belli
1316 1679 1601 1742 experiendo
1633 1680 1729 1726 for-

329 1768 490 1810 tunam
528 1777 634 1808 cum
666 1760 736 1807 sui
774 1759 920 1806 multo
959 1764 1116 1805 essent
1155 1756 1334 1805 Gallicis
1372 1756 1606 1802 fortiores.
1650 1755 1727 1802 Ille

329 1844 506 1893 autem,
536 1836 693 1883 verbis
727 1835 917 1882 minime
951 1834 1166 1889 territus,
1204 1848 1454 1896 preconem
1488 1847 1726 1878 armorum

328 1914 522 1961 missum
560 1918 747 1960 centum
781 1911 933 1959 aureis
966 1910 1131 1957 ditavit
1162 1908 1399 1956 dextrario
1432 1908 1609 1970 optimo
1642 1924 1729 1971 per

329 2007 487 2053 quem,
517 2005 622 2037 cum
655 1995 818 2050 captato
847 1987 905 2034 ad
939 1992 1151 2033 mutuum
1181 1984 1379 2048 prelium
1405 1991 1721 2047 provocasset,

330 2066 609 2113 diffidentias
632 2064 876 2121 mittendo,
906 2070 1016 2110 tunc
1041 2079 1147 2109 suas
1173 2061 1293 2108 acies
1319 2060 1567 2107 ordinavit.
1588 2062 1728 2108 Ante-

330 2159 470 2206 quam
494 2142 787 2189 inchoaretur
811 2140 1068 2195 conflictus,
1089 2139 1208 2185 inter
1228 2137 1424 2185 famulos
1444 2153 1497 2183 ac
1522 2137 1729 2183 servien-

330 2226 400 2267 tes
429 2218 544 2266 levis
575 2223 808 2264 armature
845 2217 923 2279 qui
958 2215 1197 2278 utriusque
1225 2214 1369 2277 partis
1401 2229 1546 2275 equos
1574 2219 1729 2260 custo-

331 2295 540 2350 diebant,
588 2310 645 2340 ex
686 2292 922 2355 insperato
968 2296 1094 2339 mota
1139 2296 1208 2338 est
1252 2289 1452 2337 verbalis
1497 2287 1727 2336 discordia

332 2371 628 2433 vicissimque
668 2369 725 2416 de
760 2369 914 2415 verbis
953 2367 1244 2431 prosilientes
1286 2366 1343 2413 ad
1380 2364 1576 2413 verbera
1622 2381 1728 2411 cum

333 2447 510 2495 cutellis
542 2451 588 2492 et
619 2444 791 2492 baculis
823 2444 1005 2491 fortiter
1040 2448 1392 2507 pugnaverunt3
1425 2441 1507 2488 sed
1539 2441 1728 2488 tandem

334 2523 488 2570 multis
515 2522 619 2569 hinc
647 2521 752 2568 inde
779 2521 943 2568 occisis
969 2527 1013 2567 et
1038 2520 1234 2567 letaliter
1261 2519 1527 2574 vulneratis,
1557 2518 1728 2565 nostris

383 2655 414 2688 1.
439 2652 509 2687 Ms.
532 2653 691 2697 vippam.

380 2712 414 2747 ⁶2.
438 2711 509 2746 Ms.
531 2711 693 2745 victalia.

384 2770 416 2805 3.
440 2769 511 2804 Ms.
533 2769 691 2804 sciebant
712 2768 806 2812 quod
827 2771 976 2803 nostros.
