<?xml version="1.0" encoding="UTF-8"?>
<!DOCTYPE html PUBLIC "-//W3C//DTD XHTML 1.0 Transitional//EN"
    "http://www.w3.org/TR/xhtml1/DTD/xhtml1-transitional.dtd">
<html xmlns="http://www.w3.org/1999/xhtml" xml:lang="en" lang="en">
 <head>
  <title>
</title>
<meta http-equiv="Content-Type" content="text/html;charset=utf-8" />
  <meta name='ocr-system' content='tesseract 3.04.00' />
  <meta name='ocr-capabilities' content='ocr_page ocr_carea ocr_par ocr_line ocrx_word'/>
</head>
<body>
  <div class='ocr_page' id='page_1' title='image "./chroniquedericha00lescuoft_0092.png"; bbox 0 0 2060 3345; ppageno 0'>
   <div class='ocr_carea' id='block_1_1' title="bbox 467 380 1856 426">
    <p class='ocr_par' dir='ltr' id='par_1_1' title="bbox 467 380 1856 426">
     <span class='ocr_line' id='line_1_1' title="bbox 467 380 1856 426; baseline -0.001 -10"><span class='ocrx_word' id='word_1_1' title='bbox 467 380 510 416; x_wconf 70' lang='lat' dir='ltr'>‘ZO</span> <span class='ocrx_word' id='word_1_2' title='bbox 840 383 1041 415; x_wconf 82' lang='lat' dir='ltr'>RlCHARDl</span> <span class='ocrx_word' id='word_1_3' title='bbox 1072 382 1196 414; x_wconf 88' lang='lat' dir='ltr'>SCOTI</span> <span class='ocrx_word' id='word_1_4' title='bbox 1225 382 1487 414; x_wconf 81' lang='lat' dir='ltr'>CHRONICON.</span> <span class='ocrx_word' id='word_1_5' title='bbox 1753 381 1856 426; x_wconf 77' lang='lat'><strong>[1330</strong></span> 
     </span>
    </p>
   </div>
   <div class='ocr_carea' id='block_1_2' title="bbox 451 462 1859 2582">
    <p class='ocr_par' dir='ltr' id='par_1_2' title="bbox 451 462 1859 2582">
     <span class='ocr_line' id='line_1_2' title="bbox 530 462 1858 525; baseline -0.002 -14"><span class='ocrx_word' id='word_1_6' title='bbox 530 464 657 512; x_wconf 50' lang='lat' dir='ltr'>lili-e,</span> <span class='ocrx_word' id='word_1_7' title='bbox 679 490 739 498; x_wconf 92' lang='lat'>—</span> <span class='ocrx_word' id='word_1_8' title='bbox 768 466 918 510; x_wconf 90' lang='lat' dir='ltr'>Mense</span> <span class='ocrx_word' id='word_1_9' title='bbox 944 468 1157 525; x_wconf 82' lang='lat' dir='ltr'>augusto,</span> <span class='ocrx_word' id='word_1_10' title='bbox 1181 468 1331 509; x_wconf 70' lang='lat' dir='ltr'>xxnna</span> <span class='ocrx_word' id='word_1_11' title='bbox 1356 462 1480 519; x_wconf 57' lang='lat' dir='ltr'>dial,</span> <span class='ocrx_word' id='word_1_12' title='bbox 1509 462 1725 525; x_wconf 82' lang='lat' dir='ltr'>antipapa</span> <span class='ocrx_word' id='word_1_13' title='bbox 1750 463 1858 509; x_wconf 84' lang='lat' dir='ltr'>Avi-</span> 
     </span>
     <span class='ocr_line' id='line_1_3' title="bbox 466 537 1855 602; baseline -0.002 -15"><span class='ocrx_word' id='word_1_14' title='bbox 466 542 647 587; x_wconf 90' lang='lat' dir='ltr'>nionem</span> <span class='ocrx_word' id='word_1_15' title='bbox 668 537 922 602; x_wconf 82' lang='lat' dir='ltr'>ingreditur</span> <span class='ocrx_word' id='word_1_16' title='bbox 947 537 992 582; x_wconf 91' lang='lat' dir='ltr'>in</span> <span class='ocrx_word' id='word_1_17' title='bbox 1014 537 1172 584; x_wconf 91' lang='lat' dir='ltr'>habitu</span> <span class='ocrx_word' id='word_1_18' title='bbox 1190 539 1400 594; x_wconf 81' lang='lat' dir='ltr'>seculari,</span> <span class='ocrx_word' id='word_1_19' title='bbox 1426 542 1620 600; x_wconf 88' lang='lat' dir='ltr'>propter</span> <span class='ocrx_word' id='word_1_20' title='bbox 1638 538 1855 585; x_wconf 84' lang='lat' dir='ltr'>timorem</span> 
     </span>
     <span class='ocr_line' id='line_1_4' title="bbox 463 612 1857 678; baseline -0.001 -17"><span class='ocrx_word' id='word_1_21' title='bbox 463 615 588 678; x_wconf 82' lang='lat' dir='ltr'>vulgi</span> <span class='ocrx_word' id='word_1_22' title='bbox 609 631 697 660; x_wconf 89' lang='lat' dir='ltr'>non</span> <span class='ocrx_word' id='word_1_23' title='bbox 723 612 898 659; x_wconf 88' lang='lat' dir='ltr'>audens</span> <span class='ocrx_word' id='word_1_24' title='bbox 914 612 960 658; x_wconf 90' lang='lat' dir='ltr'>in</span> <span class='ocrx_word' id='word_1_25' title='bbox 984 612 1176 675; x_wconf 90' lang='lat' dir='ltr'>proprio</span> <span class='ocrx_word' id='word_1_26' title='bbox 1198 613 1354 660; x_wconf 88' lang='lat' dir='ltr'>habitu</span> <span class='ocrx_word' id='word_1_27' title='bbox 1374 630 1618 676; x_wconf 85' lang='lat' dir='ltr'>apparere.</span> <span class='ocrx_word' id='word_1_28' title='bbox 1642 613 1722 660; x_wconf 86' lang='lat' dir='ltr'>Die.</span> <span class='ocrx_word' id='word_1_29' title='bbox 1742 630 1857 659; x_wconf 87' lang='lat' dir='ltr'>vero</span> 
     </span>
     <span class='ocr_line' id='line_1_5' title="bbox 463 685 1859 752; baseline -0.002 -15"><span class='ocrx_word' id='word_1_30' title='bbox 463 690 690 752; x_wconf 81' lang='lat' dir='ltr'><strong>sequenti,</strong></span> <span class='ocrx_word' id='word_1_31' title='bbox 722 688 874 750; x_wconf 91' lang='lat' dir='ltr'>posito</span> <span class='ocrx_word' id='word_1_32' title='bbox 896 688 982 734; x_wconf 91' lang='lat' dir='ltr'>sibi</span> <span class='ocrx_word' id='word_1_33' title='bbox 1008 689 1188 751; x_wconf 86' lang='lat' dir='ltr'>pulpito</span> <span class='ocrx_word' id='word_1_34' title='bbox 1215 695 1265 735; x_wconf 86' lang='lat' dir='ltr'>ut</span> <span class='ocrx_word' id='word_1_35' title='bbox 1287 689 1432 736; x_wconf 88' lang='lat' dir='ltr'>videri</span> <span class='ocrx_word' id='word_1_36' title='bbox 1455 694 1612 752; x_wconf 89' lang='lat' dir='ltr'>posset</span> <span class='ocrx_word' id='word_1_37' title='bbox 1631 688 1690 735; x_wconf 83' lang='lat' dir='ltr'>ab</span> <span class='ocrx_word' id='word_1_38' title='bbox 1710 685 1859 735; x_wconf 87' lang='lat' dir='ltr'>omni-</span> 
     </span>
     <span class='ocr_line' id='line_1_6' title="bbox 461 764 1852 822; baseline -0.001 -9"><span class='ocrx_word' id='word_1_39' title='bbox 461 767 547 813; x_wconf 89' lang='lat' dir='ltr'>bus</span> <span class='ocrx_word' id='word_1_40' title='bbox 579 765 854 820; x_wconf 75' lang='lat' dir='ltr'>eminenter,</span> <span class='ocrx_word' id='word_1_41' title='bbox 891 764 937 811; x_wconf 93' lang='lat' dir='ltr'>in</span> <span class='ocrx_word' id='word_1_42' title='bbox 971 765 1129 812; x_wconf 88' lang='lat' dir='ltr'>habitu</span> <span class='ocrx_word' id='word_1_43' title='bbox 1160 765 1356 812; x_wconf 75' lang='lat' dir='ltr'>fratrum</span> <span class='ocrx_word' id='word_1_44' title='bbox 1383 765 1617 812; x_wconf 87' lang='lat' dir='ltr'>minorum</span> <span class='ocrx_word' id='word_1_45' title='bbox 1649 765 1852 822; x_wconf 88' lang='lat' dir='ltr'>indutus,</span> 
     </span>
     <span class='ocr_line' id='line_1_7' title="bbox 461 840 1858 905; baseline 0 -17"><span class='ocrx_word' id='word_1_46' title='bbox 461 842 613 905; x_wconf 91' lang='lat' dir='ltr'>primo</span> <span class='ocrx_word' id='word_1_47' title='bbox 636 857 756 904; x_wconf 89' lang='lat' dir='ltr'>pape</span> <span class='ocrx_word' id='word_1_48' title='bbox 784 856 890 887; x_wconf 90' lang='lat' dir='ltr'>cum</span> <span class='ocrx_word' id='word_1_49' title='bbox 915 840 1222 889; x_wconf 76' lang='lat' dir='ltr'>cardinalibus</span> <span class='ocrx_word' id='word_1_50' title='bbox 1247 841 1291 888; x_wconf 94' lang='lat' dir='ltr'>in</span> <span class='ocrx_word' id='word_1_51' title='bbox 1318 841 1593 889; x_wconf 86' lang='lat' dir='ltr'>consistorio</span> <span class='ocrx_word' id='word_1_52' title='bbox 1619 847 1858 904; x_wconf 89' lang='lat' dir='ltr'>presenta-</span> 
     </span>
     <span class='ocr_line' id='line_1_8' title="bbox 459 917 1851 981; baseline -0.001 -17"><span class='ocrx_word' id='word_1_53' title='bbox 459 925 552 965; x_wconf 89' lang='lat' dir='ltr'>tur.</span> <span class='ocrx_word' id='word_1_54' title='bbox 595 917 768 964; x_wconf 87' lang='lat' dir='ltr'>Dehinc</span> <span class='ocrx_word' id='word_1_55' title='bbox 810 917 1040 980; x_wconf 87' lang='lat' dir='ltr'>pulpitum</span> <span class='ocrx_word' id='word_1_56' title='bbox 1082 917 1335 965; x_wconf 87' lang='lat' dir='ltr'>ascendens</span> <span class='ocrx_word' id='word_1_57' title='bbox 1376 924 1561 981; x_wconf 90' lang='lat' dir='ltr'>sumpto</span> <span class='ocrx_word' id='word_1_58' title='bbox 1604 918 1804 964; x_wconf 85' lang='lat' dir='ltr'>themate</span> <span class='ocrx_word' id='word_1_59' title='bbox 1842 935 1851 963; x_wconf 91' lang='lat'>:</span> 
     </span>
     <span class='ocr_line' id='line_1_9' title="bbox 458 994 1850 1057; baseline -0.001 -16"><span class='ocrx_word' id='word_1_60' title='bbox 458 995 620 1051; x_wconf 79' lang='lat' dir='ltr'>Pater,</span> <span class='ocrx_word' id='word_1_61' title='bbox 668 996 851 1057; x_wconf 75' lang='lat' dir='ltr'>peccavi</span> <span class='ocrx_word' id='word_1_62' title='bbox 899 996 948 1041; x_wconf 78' lang='lat' dir='ltr'>in</span> <span class='ocrx_word' id='word_1_63' title='bbox 1001 994 1181 1050; x_wconf 74' lang='lat' dir='ltr'>caelum,</span> <span class='ocrx_word' id='word_1_64' title='bbox 1240 1000 1357 1049; x_wconf 82' lang='lat' dir='ltr'>etc.;</span> <span class='ocrx_word' id='word_1_65' title='bbox 1415 1000 1461 1041; x_wconf 89' lang='lat' dir='ltr'>et</span> <span class='ocrx_word' id='word_1_66' title='bbox 1511 995 1800 1056; x_wconf 89' lang='lat' dir='ltr'>prothemate</span> <span class='ocrx_word' id='word_1_67' title='bbox 1843 1012 1850 1040; x_wconf 91' lang='lat'><strong>:</strong></span> 
     </span>
     <span class='ocr_line' id='line_1_10' title="bbox 457 1071 1856 1134; baseline -0.001 -17"><span class='ocrx_word' id='word_1_68' title='bbox 457 1072 627 1118; x_wconf 74' lang='lat' dir='ltr'>Erravz&#39;</span> <span class='ocrx_word' id='word_1_69' title='bbox 659 1072 776 1118; x_wconf 75' lang='lat' dir='ltr'>sicut</span> <span class='ocrx_word' id='word_1_70' title='bbox 809 1072 918 1127; x_wconf 77' lang='lat' dir='ltr'>ovis,</span> <span class='ocrx_word' id='word_1_71' title='bbox 958 1076 1068 1126; x_wconf 88' lang='lat' dir='ltr'>etc.‚</span> <span class='ocrx_word' id='word_1_72' title='bbox 1110 1087 1256 1134; x_wconf 89' lang='lat' dir='ltr'>usque</span> <span class='ocrx_word' id='word_1_73' title='bbox 1291 1071 1485 1133; x_wconf 74' lang='lat' dir='ltr'>Require</span> <span class='ocrx_word' id='word_1_74' title='bbox 1519 1087 1697 1117; x_wconf 75' lang='lat' dir='ltr'>servum</span> <span class='ocrx_word' id='word_1_75' title='bbox 1732 1077 1856 1117; x_wconf 83' lang='lat' dir='ltr'>tuum</span> 
     </span>
     <span class='ocr_line' id='line_1_11' title="bbox 456 1147 1856 1211; baseline -0.001 -17"><span class='ocrx_word' id='word_1_76' title='bbox 456 1148 644 1195; x_wconf 88' lang='lat' dir='ltr'>tandem</span> <span class='ocrx_word' id='word_1_77' title='bbox 680 1147 892 1211; x_wconf 89' lang='lat' dir='ltr'>judicans</span> <span class='ocrx_word' id='word_1_78' title='bbox 933 1149 1066 1194; x_wconf 85' lang='lat' dir='ltr'>venia</span> <span class='ocrx_word' id='word_1_79' title='bbox 1103 1164 1151 1194; x_wconf 93' lang='lat' dir='ltr'>se</span> <span class='ocrx_word' id='word_1_80' title='bbox 1191 1147 1449 1211; x_wconf 82' lang='lat' dir='ltr'>indignum,</span> <span class='ocrx_word' id='word_1_81' title='bbox 1484 1153 1583 1194; x_wconf 84' lang='lat' dir='ltr'>tum</span> <span class='ocrx_word' id='word_1_82' title='bbox 1615 1147 1673 1194; x_wconf 91' lang='lat' dir='ltr'>ad</span> <span class='ocrx_word' id='word_1_83' title='bbox 1711 1147 1856 1194; x_wconf 87' lang='lat' dir='ltr'>eccle-</span> 
     </span>
     <span class='ocr_line' id='line_1_12' title="bbox 457 1223 1851 1288; baseline -0.001 -17"><span class='ocrx_word' id='word_1_84' title='bbox 457 1224 522 1271; x_wconf 87' lang='lat' dir='ltr'>sie</span> <span class='ocrx_word' id='word_1_85' title='bbox 559 1224 788 1288; x_wconf 83' lang='lat' dir='ltr'>gremium</span> <span class='ocrx_word' id='word_1_86' title='bbox 826 1223 1034 1281; x_wconf 89' lang='lat' dir='ltr'>veniens,</span> <span class='ocrx_word' id='word_1_87' title='bbox 1072 1223 1304 1270; x_wconf 87' lang='lat' dir='ltr'>humiliter</span> <span class='ocrx_word' id='word_1_88' title='bbox 1341 1223 1522 1270; x_wconf 83' lang='lat' dir='ltr'>veniam</span> <span class='ocrx_word' id='word_1_89' title='bbox 1556 1223 1851 1286; x_wconf 88' lang='lat' dir='ltr'>precabatur.</span> 
     </span>
     <span class='ocr_line' id='line_1_13' title="bbox 456 1299 1856 1364; baseline -0.001 -17"><span class='ocrx_word' id='word_1_90' title='bbox 456 1304 562 1364; x_wconf 88' lang='lat' dir='ltr'>Ipso</span> <span class='ocrx_word' id='word_1_91' title='bbox 575 1300 773 1363; x_wconf 89' lang='lat' dir='ltr'>denique</span> <span class='ocrx_word' id='word_1_92' title='bbox 785 1299 1026 1356; x_wconf 89' lang='lat' dir='ltr'>descenso,</span> <span class='ocrx_word' id='word_1_93' title='bbox 1049 1317 1186 1363; x_wconf 84' lang='lat' dir='ltr'>papa,</span> <span class='ocrx_word' id='word_1_94' title='bbox 1206 1306 1389 1362; x_wconf 90' lang='lat' dir='ltr'>partem</span> <span class='ocrx_word' id='word_1_95' title='bbox 1407 1299 1712 1362; x_wconf 89' lang='lat' dir='ltr'>prothematis</span> <span class='ocrx_word' id='word_1_96' title='bbox 1725 1316 1856 1346; x_wconf 88' lang='lat' dir='ltr'>resu-</span> 
     </span>
     <span class='ocr_line' id='line_1_14' title="bbox 456 1375 1855 1439; baseline -0.001 -16"><span class='ocrx_word' id='word_1_97' title='bbox 456 1393 603 1431; x_wconf 82' lang='lat' dir='ltr'>mens,</span> <span class='ocrx_word' id='word_1_98' title='bbox 640 1376 812 1424; x_wconf 89' lang='lat' dir='ltr'>scilieet</span> <span class='ocrx_word' id='word_1_99' title='bbox 843 1394 852 1422; x_wconf 79' lang='lat' dir='ltr'><em>z</em></span> <span class='ocrx_word' id='word_1_100' title='bbox 889 1377 1084 1439; x_wconf 78' lang='lat' dir='ltr'>Require</span> <span class='ocrx_word' id='word_1_101' title='bbox 1122 1392 1300 1423; x_wconf 72' lang='lat' dir='ltr'>servam</span> <span class='ocrx_word' id='word_1_102' title='bbox 1334 1383 1477 1431; x_wconf 82' lang='lat' dir='ltr'>tuum,</span> <span class='ocrx_word' id='word_1_103' title='bbox 1516 1381 1764 1439; x_wconf 85' lang='lat' dir='ltr'>postquam</span> <span class='ocrx_word' id='word_1_104' title='bbox 1798 1375 1855 1421; x_wconf 86' lang='lat' dir='ltr'>de</span> 
     </span>
     <span class='ocr_line' id='line_1_15' title="bbox 454 1451 1852 1516; baseline -0.001 -17"><span class='ocrx_word' id='word_1_105' title='bbox 454 1454 551 1516; x_wconf 86' lang='lat' dir='ltr'>ejus</span> <span class='ocrx_word' id='word_1_106' title='bbox 565 1452 803 1500; x_wconf 83' lang='lat' dir='ltr'>erroribus</span> <span class='ocrx_word' id='word_1_107' title='bbox 818 1452 1121 1515; x_wconf 82' lang='lat' dir='ltr'>predicasset,</span> <span class='ocrx_word' id='word_1_108' title='bbox 1140 1452 1378 1514; x_wconf 86' lang='lat' dir='ltr'>subjunxit</span> <span class='ocrx_word' id='word_1_109' title='bbox 1391 1468 1529 1499; x_wconf 88' lang='lat' dir='ltr'>ovem</span> <span class='ocrx_word' id='word_1_110' title='bbox 1542 1451 1852 1498; x_wconf 87' lang='lat' dir='ltr'>errabundam</span> 
     </span>
     <span class='ocr_line' id='line_1_16' title="bbox 454 1528 1855 1592; baseline -0.001 -17"><span class='ocrx_word' id='word_1_111' title='bbox 454 1545 546 1575; x_wconf 91' lang='lat' dir='ltr'>non</span> <span class='ocrx_word' id='word_1_112' title='bbox 572 1545 674 1575; x_wconf 89' lang='lat' dir='ltr'>esse</span> <span class='ocrx_word' id='word_1_113' title='bbox 693 1529 912 1591; x_wconf 90' lang='lat' dir='ltr'>luporum</span> <span class='ocrx_word' id='word_1_114' title='bbox 929 1528 1164 1575; x_wconf 86' lang='lat' dir='ltr'>morsibus</span> <span class='ocrx_word' id='word_1_115' title='bbox 1189 1528 1537 1591; x_wconf 85' lang='lat' dir='ltr'>imponendam,</span> <span class='ocrx_word' id='word_1_116' title='bbox 1563 1528 1644 1575; x_wconf 91' lang='lat' dir='ltr'>sed</span> <span class='ocrx_word' id='word_1_117' title='bbox 1662 1528 1855 1592; x_wconf 81' lang='lat' dir='ltr'>diligen-</span> 
     </span>
     <span class='ocr_line' id='line_1_17' title="bbox 452 1604 1855 1668; baseline -0.001 -17"><span class='ocrx_word' id='word_1_118' title='bbox 452 1611 525 1651; x_wconf 91' lang='lat' dir='ltr'>ter</span> <span class='ocrx_word' id='word_1_119' title='bbox 550 1604 879 1667; x_wconf 87' lang='lat' dir='ltr'>requirendam</span> <span class='ocrx_word' id='word_1_120' title='bbox 909 1605 1272 1668; x_wconf 86' lang='lat' dir='ltr'>requisitamque</span> <span class='ocrx_word' id='word_1_121' title='bbox 1305 1610 1350 1651; x_wconf 91' lang='lat' dir='ltr'>et</span> <span class='ocrx_word' id='word_1_122' title='bbox 1379 1606 1614 1651; x_wconf 84' lang='lat' dir='ltr'>inventam</span> <span class='ocrx_word' id='word_1_123' title='bbox 1640 1620 1693 1651; x_wconf 86' lang='lat' dir='ltr'>ac</span> <span class='ocrx_word' id='word_1_124' title='bbox 1714 1620 1855 1667; x_wconf 90' lang='lat' dir='ltr'>super</span> 
     </span>
     <span class='ocr_line' id='line_1_18' title="bbox 452 1680 1854 1744; baseline -0.001 -16"><span class='ocrx_word' id='word_1_125' title='bbox 452 1682 672 1728; x_wconf 88' lang='lat' dir='ltr'>humeros</span> <span class='ocrx_word' id='word_1_126' title='bbox 707 1682 961 1744; x_wconf 87' lang='lat' dir='ltr'>repositam</span> <span class='ocrx_word' id='word_1_127' title='bbox 995 1681 1053 1728; x_wconf 87' lang='lat' dir='ltr'>ad</span> <span class='ocrx_word' id='word_1_128' title='bbox 1083 1687 1340 1728; x_wconf 86' lang='lat' dir='ltr'>ceterarum</span> <span class='ocrx_word' id='word_1_129' title='bbox 1373 1681 1499 1729; x_wconf 88' lang='lat' dir='ltr'>aulas</span> <span class='ocrx_word' id='word_1_130' title='bbox 1532 1680 1688 1728; x_wconf 89' lang='lat' dir='ltr'>ovium</span> <span class='ocrx_word' id='word_1_131' title='bbox 1714 1680 1854 1727; x_wconf 88' lang='lat' dir='ltr'>redu-</span> 
     </span>
     <span class='ocr_line' id='line_1_19' title="bbox 454 1757 1850 1820; baseline -0.001 -16"><span class='ocrx_word' id='word_1_132' title='bbox 454 1757 665 1804; x_wconf 84' lang='lat' dir='ltr'>cendam.</span> <span class='ocrx_word' id='word_1_133' title='bbox 686 1757 861 1814; x_wconf 84' lang='lat' dir='ltr'>Quibus</span> <span class='ocrx_word' id='word_1_134' title='bbox 879 1757 1030 1812; x_wconf 81' lang='lat' dir='ltr'>dictis‚</span> <span class='ocrx_word' id='word_1_135' title='bbox 1047 1757 1265 1819; x_wconf 86' lang='lat' dir='ltr'>antipapa</span> <span class='ocrx_word' id='word_1_136' title='bbox 1282 1757 1339 1804; x_wconf 89' lang='lat' dir='ltr'>ad</span> <span class='ocrx_word' id='word_1_137' title='bbox 1357 1757 1501 1820; x_wconf 88' lang='lat' dir='ltr'>pedes</span> <span class='ocrx_word' id='word_1_138' title='bbox 1519 1757 1694 1804; x_wconf 86' lang='lat' dir='ltr'>domini</span> <span class='ocrx_word' id='word_1_139' title='bbox 1713 1773 1850 1820; x_wconf 86' lang='lat' dir='ltr'>pape,</span> 
     </span>
     <span class='ocr_line' id='line_1_20' title="bbox 453 1833 1853 1897; baseline 0 -17"><span class='ocrx_word' id='word_1_140' title='bbox 453 1833 562 1880; x_wconf 90' lang='lat' dir='ltr'>fune</span> <span class='ocrx_word' id='word_1_141' title='bbox 583 1833 626 1879; x_wconf 95' lang='lat' dir='ltr'>in</span> <span class='ocrx_word' id='word_1_142' title='bbox 648 1833 765 1880; x_wconf 92' lang='lat' dir='ltr'>collo</span> <span class='ocrx_word' id='word_1_143' title='bbox 784 1833 953 1895; x_wconf 83' lang='lat' dir='ltr'>posito,</span> <span class='ocrx_word' id='word_1_144' title='bbox 975 1833 1213 1880; x_wconf 87' lang='lat' dir='ltr'>humiliter</span> <span class='ocrx_word' id='word_1_145' title='bbox 1234 1850 1283 1879; x_wconf 88' lang='lat' dir='ltr'>se</span> <span class='ocrx_word' id='word_1_146' title='bbox 1300 1834 1573 1896; x_wconf 80' lang='lat' dir='ltr'>prostravit.</span> <span class='ocrx_word' id='word_1_147' title='bbox 1598 1836 1719 1897; x_wconf 92' lang='lat' dir='ltr'>Papa</span> <span class='ocrx_word' id='word_1_148' title='bbox 1741 1849 1853 1880; x_wconf 84' lang='lat' dir='ltr'>vero</span> 
     </span>
     <span class='ocr_line' id='line_1_21' title="bbox 451 1909 1853 1973; baseline 0 -18"><span class='ocrx_word' id='word_1_149' title='bbox 451 1910 608 1956; x_wconf 89' lang='lat' dir='ltr'>funem</span> <span class='ocrx_word' id='word_1_150' title='bbox 643 1909 701 1957; x_wconf 88' lang='lat' dir='ltr'>de</span> <span class='ocrx_word' id='word_1_151' title='bbox 735 1910 852 1956; x_wconf 90' lang='lat' dir='ltr'>collo</span> <span class='ocrx_word' id='word_1_152' title='bbox 879 1909 976 1972; x_wconf 85' lang='lat' dir='ltr'>ejus</span> <span class='ocrx_word' id='word_1_153' title='bbox 1005 1909 1190 1966; x_wconf 85' lang='lat' dir='ltr'>tollens,</span> <span class='ocrx_word' id='word_1_154' title='bbox 1228 1910 1391 1972; x_wconf 86' lang='lat' dir='ltr'>recipit</span> <span class='ocrx_word' id='word_1_155' title='bbox 1413 1909 1568 1973; x_wconf 86' lang='lat' dir='ltr'>ipsum</span> <span class='ocrx_word' id='word_1_156' title='bbox 1593 1910 1650 1956; x_wconf 91' lang='lat' dir='ltr'>ad</span> <span class='ocrx_word' id='word_1_157' title='bbox 1680 1910 1853 1956; x_wconf 88' lang='lat' dir='ltr'>trinum</span> 
     </span>
     <span class='ocr_line' id='line_1_22' title="bbox 452 1986 1850 2049; baseline 0 -17"><span class='ocrx_word' id='word_1_158' title='bbox 452 1986 678 2042; x_wconf 89' lang='lat' dir='ltr'>osculum,</span> <span class='ocrx_word' id='word_1_159' title='bbox 709 1986 755 2032; x_wconf 89' lang='lat' dir='ltr'>in</span> <span class='ocrx_word' id='word_1_160' title='bbox 780 1986 900 2049; x_wconf 87' lang='lat' dir='ltr'>pede</span> <span class='ocrx_word' id='word_1_161' title='bbox 928 1986 1118 2043; x_wconf 85' lang='lat' dir='ltr'>scilicet,</span> <span class='ocrx_word' id='word_1_162' title='bbox 1143 1992 1189 2032; x_wconf 92' lang='lat' dir='ltr'>et</span> <span class='ocrx_word' id='word_1_163' title='bbox 1215 1986 1260 2032; x_wconf 90' lang='lat' dir='ltr'>in</span> <span class='ocrx_word' id='word_1_164' title='bbox 1286 2003 1426 2033; x_wconf 87' lang='lat' dir='ltr'>manu</span> <span class='ocrx_word' id='word_1_165' title='bbox 1452 1986 1590 2033; x_wconf 86' lang='lat' dir='ltr'>etiam</span> <span class='ocrx_word' id='word_1_166' title='bbox 1608 1992 1652 2032; x_wconf 87' lang='lat' dir='ltr'>et</span> <span class='ocrx_word' id='word_1_167' title='bbox 1678 1986 1723 2032; x_wconf 92' lang='lat' dir='ltr'>in</span> <span class='ocrx_word' id='word_1_168' title='bbox 1750 2002 1850 2041; x_wconf 85' lang='lat' dir='ltr'>ore,</span> 
     </span>
     <span class='ocr_line' id='line_1_23' title="bbox 452 2061 1853 2124; baseline -0.001 -16"><span class='ocrx_word' id='word_1_169' title='bbox 452 2061 576 2108; x_wconf 87' lang='lat' dir='ltr'>unde</span> <span class='ocrx_word' id='word_1_170' title='bbox 607 2062 736 2108; x_wconf 84' lang='lat' dir='ltr'>multi</span> <span class='ocrx_word' id='word_1_171' title='bbox 773 2061 960 2108; x_wconf 83' lang='lat' dir='ltr'>suerunt</span> <span class='ocrx_word' id='word_1_172' title='bbox 996 2061 1170 2124; x_wconf 89' lang='lat' dir='ltr'>pariter</span> <span class='ocrx_word' id='word_1_173' title='bbox 1208 2061 1470 2124; x_wconf 86' lang='lat' dir='ltr'>stupefacti.</span> <span class='ocrx_word' id='word_1_174' title='bbox 1504 2063 1699 2108; x_wconf 80' lang='lat' dir='ltr'>Demun&#39;l</span> <span class='ocrx_word' id='word_1_175' title='bbox 1732 2078 1853 2124; x_wconf 86' lang='lat' dir='ltr'>papa</span> 
     </span>
     <span class='ocr_line' id='line_1_24' title="bbox 459 2137 1850 2202; baseline 0 -18"><span class='ocrx_word' id='word_1_176' title='bbox 459 2138 516 2184; x_wconf 79' lang='lat' dir='ltr'>Te</span> <span class='ocrx_word' id='word_1_177' title='bbox 555 2137 695 2185; x_wconf 80' lang='lat' dir='ltr'>Deam</span> <span class='ocrx_word' id='word_1_178' title='bbox 730 2138 967 2185; x_wconf 79' lang='lat' dir='ltr'>laudamus</span> <span class='ocrx_word' id='word_1_179' title='bbox 1000 2137 1241 2200; x_wconf 85' lang='lat' dir='ltr'>incipiens,</span> <span class='ocrx_word' id='word_1_180' title='bbox 1276 2138 1450 2201; x_wconf 73' lang='lat' dir='ltr'>gratias</span> <span class='ocrx_word' id='word_1_181' title='bbox 1483 2138 1576 2202; x_wconf 83' lang='lat' dir='ltr'>egit</span> <span class='ocrx_word' id='word_1_182' title='bbox 1612 2141 1707 2185; x_wconf 91' lang='lat' dir='ltr'>Deo</span> <span class='ocrx_word' id='word_1_183' title='bbox 1747 2154 1850 2185; x_wconf 88' lang='lat' dir='ltr'>cum</span> 
     </span>
     <span class='ocr_line' id='line_1_25' title="bbox 453 2213 1850 2277; baseline 0.001 -17"><span class='ocrx_word' id='word_1_184' title='bbox 453 2213 761 2261; x_wconf 89' lang='lat' dir='ltr'>cardinalibus</span> <span class='ocrx_word' id='word_1_185' title='bbox 796 2215 1012 2277; x_wconf 90' lang='lat' dir='ltr'>cleroque</span> <span class='ocrx_word' id='word_1_186' title='bbox 1044 2220 1090 2261; x_wconf 86' lang='lat' dir='ltr'>et</span> <span class='ocrx_word' id='word_1_187' title='bbox 1125 2214 1298 2277; x_wconf 91' lang='lat' dir='ltr'>populo</span> <span class='ocrx_word' id='word_1_188' title='bbox 1331 2214 1651 2261; x_wconf 83' lang='lat' dir='ltr'>assistentibus</span> <span class='ocrx_word' id='word_1_189' title='bbox 1685 2214 1850 2261; x_wconf 88' lang='lat' dir='ltr'>missa-</span> 
     </span>
     <span class='ocr_line' id='line_1_26' title="bbox 451 2289 1852 2354; baseline -0.001 -17"><span class='ocrx_word' id='word_1_190' title='bbox 451 2307 649 2354; x_wconf 87' lang='lat' dir='ltr'>rumque</span> <span class='ocrx_word' id='word_1_191' title='bbox 678 2290 894 2337; x_wconf 86' lang='lat' dir='ltr'>solenniis</span> <span class='ocrx_word' id='word_1_192' title='bbox 918 2290 1177 2337; x_wconf 84' lang='lat' dir='ltr'>celebratis.</span> <span class='ocrx_word' id='word_1_193' title='bbox 1207 2293 1262 2336; x_wconf 88' lang='lat' dir='ltr'>Et</span> <span class='ocrx_word' id='word_1_194' title='bbox 1286 2291 1373 2336; x_wconf 90' lang='lat' dir='ltr'>hoc</span> <span class='ocrx_word' id='word_1_195' title='bbox 1396 2290 1521 2338; x_wconf 88' lang='lat' dir='ltr'>idem</span> <span class='ocrx_word' id='word_1_196' title='bbox 1553 2306 1639 2353; x_wconf 91' lang='lat' dir='ltr'>per</span> <span class='ocrx_word' id='word_1_197' title='bbox 1664 2289 1852 2337; x_wconf 87' lang='lat' dir='ltr'>univer-</span> 
     </span>
     <span class='ocr_line' id='line_1_27' title="bbox 453 2366 1851 2429; baseline -0.001 -16"><span class='ocrx_word' id='word_1_198' title='bbox 453 2366 596 2413; x_wconf 89' lang='lat' dir='ltr'>salem</span> <span class='ocrx_word' id='word_1_199' title='bbox 610 2366 847 2413; x_wconf 87' lang='lat' dir='ltr'>ecclesiam</span> <span class='ocrx_word' id='word_1_200' title='bbox 860 2366 961 2413; x_wconf 87' lang='lat' dir='ltr'>fieri</span> <span class='ocrx_word' id='word_1_201' title='bbox 974 2366 1287 2422; x_wconf 86' lang='lat' dir='ltr'>demandavit,</span> <span class='ocrx_word' id='word_1_202' title='bbox 1301 2366 1569 2429; x_wconf 88' lang='lat' dir='ltr'>dictumque</span> <span class='ocrx_word' id='word_1_203' title='bbox 1585 2366 1851 2428; x_wconf 87' lang='lat' dir='ltr'>antipapam</span> 
     </span>
     <span class='ocr_line' id='line_1_28' title="bbox 454 2442 1851 2505; baseline -0.001 -17"><span class='ocrx_word' id='word_1_204' title='bbox 454 2443 497 2488; x_wconf 84' lang='lat' dir='ltr'>in</span> <span class='ocrx_word' id='word_1_205' title='bbox 519 2442 719 2505; x_wconf 88' lang='lat' dir='ltr'>quadam</span> <span class='ocrx_word' id='word_1_206' title='bbox 752 2459 932 2489; x_wconf 85' lang='lat' dir='ltr'>camera</span> <span class='ocrx_word' id='word_1_207' title='bbox 960 2442 1087 2505; x_wconf 82' lang='lat' dir='ltr'>juxta</span> <span class='ocrx_word' id='word_1_208' title='bbox 1119 2443 1309 2490; x_wconf 84' lang='lat' dir='ltr'>domum</span> <span class='ocrx_word' id='word_1_209' title='bbox 1341 2442 1609 2490; x_wconf 88' lang='lat' dir='ltr'>cambellani</span> <span class='ocrx_word' id='word_1_210' title='bbox 1642 2442 1710 2488; x_wconf 91' lang='lat' dir='ltr'>sui</span> <span class='ocrx_word' id='word_1_211' title='bbox 1741 2442 1851 2504; x_wconf 88' lang='lat' dir='ltr'>poni</span> 
     </span>
     <span class='ocr_line' id='line_1_29' title="bbox 453 2518 1797 2582; baseline -0.001 -17"><span class='ocrx_word' id='word_1_212' title='bbox 453 2519 661 2582; x_wconf 88' lang='lat' dir='ltr'>precepit</span> <span class='ocrx_word' id='word_1_213' title='bbox 687 2535 930 2581; x_wconf 89' lang='lat' dir='ltr'>usquequo</span> <span class='ocrx_word' id='word_1_214' title='bbox 953 2518 1254 2567; x_wconf 84' lang='lat' dir='ltr'>deliberasset</span> <span class='ocrx_word' id='word_1_215' title='bbox 1275 2519 1454 2582; x_wconf 89' lang='lat' dir='ltr'>plenius</span> <span class='ocrx_word' id='word_1_216' title='bbox 1478 2535 1619 2580; x_wconf 85' lang='lat' dir='ltr'>super</span> <span class='ocrx_word' id='word_1_217' title='bbox 1646 2519 1747 2580; x_wconf 91' lang='lat' dir='ltr'>ipso</span> <span class='ocrx_word' id='word_1_218' title='bbox 1763 2520 1797 2563; x_wconf 71' lang='lat'>2.</span> 
     </span>
    </p>
   </div>
   <div class='ocr_carea' id='block_1_3' title="bbox 455 2652 1851 2878">
    <p class='ocr_par' dir='ltr' id='par_1_3' title="bbox 455 2652 1851 2878">
     <span class='ocr_line' id='line_1_30' title="bbox 501 2652 1851 2699; baseline -0.001 -10"><span class='ocrx_word' id='word_1_219' title='bbox 501 2655 533 2689; x_wconf 77' lang='lat'>1.</span> <span class='ocrx_word' id='word_1_220' title='bbox 558 2654 609 2690; x_wconf 90' lang='lat' dir='ltr'>Le</span> <span class='ocrx_word' id='word_1_221' title='bbox 630 2653 798 2698; x_wconf 69' lang='lat' dir='ltr'>23&#39;aout,</span> <span class='ocrx_word' id='word_1_222' title='bbox 819 2654 965 2699; x_wconf 75' lang='lat' dir='ltr'>‹l&#39;apres</span> <span class='ocrx_word' id='word_1_223' title='bbox 985 2654 1019 2689; x_wconf 88' lang='lat' dir='ltr'>le</span> <span class='ocrx_word' id='word_1_224' title='bbox 1041 2654 1319 2689; x_wconf 80' lang='lat' dir='ltr'>Continuateur</span> <span class='ocrx_word' id='word_1_225' title='bbox 1339 2652 1384 2689; x_wconf 85' lang='lat' dir='ltr'>de</span> <span class='ocrx_word' id='word_1_226' title='bbox 1399 2652 1618 2688; x_wconf 86' lang='lat' dir='ltr'>Guillaume</span> <span class='ocrx_word' id='word_1_227' title='bbox 1639 2652 1683 2687; x_wconf 85' lang='lat' dir='ltr'>de</span> <span class='ocrx_word' id='word_1_228' title='bbox 1703 2652 1851 2698; x_wconf 79' lang='lat' dir='ltr'>Nangis</span> 
     </span>
     <span class='ocr_line' id='line_1_31' title="bbox 455 2710 1847 2759; baseline -0.001 -11"><span class='ocrx_word' id='word_1_229' title='bbox 455 2715 493 2757; x_wconf 88' lang='lat' dir='ltr'>(t.</span> <span class='ocrx_word' id='word_1_230' title='bbox 517 2713 566 2759; x_wconf 75' lang='grc' dir='ltr'>ΙΙ,</span> <span class='ocrx_word' id='word_1_231' title='bbox 589 2725 624 2759; x_wconf 90' lang='lat' dir='ltr'>p.</span> <span class='ocrx_word' id='word_1_232' title='bbox 649 2713 745 2757; x_wconf 79' lang='lat'><strong>116);</strong></span> <span class='ocrx_word' id='word_1_233' title='bbox 769 2713 804 2748; x_wconf 91' lang='lat' dir='ltr'>le</span> <span class='ocrx_word' id='word_1_234' title='bbox 821 2713 880 2757; x_wconf 71' lang='lat'>⁶28,</span> <span class='ocrx_word' id='word_1_235' title='bbox 901 2712 1048 2759; x_wconf 81' lang='lat' dir='ltr'>d’apres</span> <span class='ocrx_word' id='word_1_236' title='bbox 1070 2714 1124 2748; x_wconf 84' lang='lat' dir='ltr'>les</span> <span class='ocrx_word' id='word_1_237' title='bbox 1145 2715 1307 2750; x_wconf 76' lang='lat' dir='ltr'>Grandes</span> <span class='ocrx_word' id='word_1_238' title='bbox 1329 2713 1551 2756; x_wconf 70' lang='lat' dir='ltr'>Chroniques</span> <span class='ocrx_word' id='word_1_239' title='bbox 1574 2716 1610 2755; x_wconf 81' lang='lat' dir='ltr'>(t.</span> <span class='ocrx_word' id='word_1_240' title='bbox 1629 2711 1677 2755; x_wconf 89' lang='lat' dir='ltr'>V,</span> <span class='ocrx_word' id='word_1_241' title='bbox 1694 2722 1730 2757; x_wconf 87' lang='lat' dir='ltr'>p.</span> <span class='ocrx_word' id='word_1_242' title='bbox 1755 2710 1847 2755; x_wconf 81' lang='lat'>339).</span> 
     </span>
     <span class='ocr_line' id='line_1_32' title="bbox 501 2770 1850 2819; baseline -0.001 -12"><span class='ocrx_word' id='word_1_243' title='bbox 501 2772 534 2808; x_wconf 67' lang='lat'>⁴2.</span> <span class='ocrx_word' id='word_1_244' title='bbox 561 2772 690 2807; x_wconf 80' lang='lat' dir='ltr'>Pierre</span> <span class='ocrx_word' id='word_1_245' title='bbox 719 2772 764 2807; x_wconf 87' lang='grc'>(16</span> <span class='ocrx_word' id='word_1_246' title='bbox 797 2771 963 2807; x_wconf 79' lang='lat' dir='ltr'>Corbara</span> <span class='ocrx_word' id='word_1_247' title='bbox 996 2772 1127 2819; x_wconf 87' lang='lat' dir='ltr'>abjura</span> <span class='ocrx_word' id='word_1_248' title='bbox 1159 2771 1311 2808; x_wconf 83' lang='lat' dir='ltr'>d’abord</span> <span class='ocrx_word' id='word_1_249' title='bbox 1345 2781 1405 2807; x_wconf 85' lang='lat' dir='ltr'>ses</span> <span class='ocrx_word' id='word_1_250' title='bbox 1438 2781 1587 2806; x_wconf 86' lang='lat' dir='ltr'>erreurs</span> <span class='ocrx_word' id='word_1_251' title='bbox 1621 2770 1642 2805; x_wconf 72' lang='lat' dir='ltr'>a</span> <span class='ocrx_word' id='word_1_252' title='bbox 1675 2770 1780 2815; x_wconf 83' lang='lat' dir='ltr'>Pise,</span> <span class='ocrx_word' id='word_1_253' title='bbox 1818 2770 1850 2806; x_wconf 89' lang='lat' dir='ltr'>le</span> 
     </span>
     <span class='ocr_line' id='line_1_33' title="bbox 456 2829 1849 2878; baseline -0.002 -11"><span class='ocrx_word' id='word_1_254' title='bbox 456 2831 498 2867; x_wconf 65' lang='lat'>25</span> <span class='ocrx_word' id='word_1_255' title='bbox 523 2831 648 2878; x_wconf 82' lang='lat' dir='ltr'>juillet</span> <span class='ocrx_word' id='word_1_256' title='bbox 671 2831 778 2873; x_wconf 82' lang='lat'><strong>1330;</strong></span> <span class='ocrx_word' id='word_1_257' title='bbox 802 2831 825 2866; x_wconf 90' lang='lat' dir='ltr'>il</span> <span class='ocrx_word' id='word_1_258' title='bbox 850 2830 975 2867; x_wconf 76' lang='lat' dir='ltr'>arriva</span> <span class='ocrx_word' id='word_1_259' title='bbox 997 2831 1017 2866; x_wconf 76' lang='lat' dir='ltr'>a</span> <span class='ocrx_word' id='word_1_260' title='bbox 1038 2830 1219 2877; x_wconf 75' lang='lat' dir='ltr'>Avignon</span> <span class='ocrx_word' id='word_1_261' title='bbox 1246 2831 1280 2867; x_wconf 87' lang='grc'>16</span> <span class='ocrx_word' id='word_1_262' title='bbox 1301 2831 1343 2867; x_wconf 72' lang='lat'>⁶24</span> <span class='ocrx_word' id='word_1_263' title='bbox 1367 2831 1456 2866; x_wconf 75' lang='lat' dir='ltr'>aout</span> <span class='ocrx_word' id='word_1_264' title='bbox 1477 2829 1631 2866; x_wconf 81' lang='lat' dir='ltr'>suivant</span> <span class='ocrx_word' id='word_1_265' title='bbox 1651 2835 1687 2865; x_wconf 82' lang='lat' dir='ltr'>et</span> <span class='ocrx_word' id='word_1_266' title='bbox 1710 2839 1849 2864; x_wconf 85' lang='lat' dir='ltr'>renou-</span> 
     </span>
    </p>
   </div>
  </div>
 </body>
</html>
