2060 3345
251 285 349 331 1364]
472 290 676 322 RICHARDI
705 289 831 321 SCOTI
859 289 1066 322 CHRONICI
1094 289 1400 321 GONTINUATIO.
1573 287 1637 322 167

244 368 447 416 cundum
476 369 655 416 silentio
683 368 894 431 quod...¹
924 368 1024 415 loco
1052 376 1385 431 prepararetur
1405 369 1641 432 sepultura

244 446 418 493 inventi
429 453 534 494 sunt
545 446 666 493 anuli
677 446 802 492 aurei
814 445 1011 509 gemmis
1023 446 1239 509 pretiosis
1252 445 1464 493 adornati
1477 462 1642 493 unum-

243 538 333 585 que
359 523 610 570 circulum2
636 538 828 569 aureum
855 538 960 569 cum
986 522 1176 585 pomulo
1210 522 1333 570 ensis
1368 539 1508 570 aureo
1539 522 1639 577 sed,

243 598 367 662 quod
377 598 731 646 admirationem
745 597 889 653 auxit,
910 598 1030 644 nulla
1047 614 1152 644 ossa
1164 598 1227 644 ibi
1240 598 1426 646 suerunt
1437 605 1639 662 reperta.

309 675 418 722 347.
454 702 517 710 —
555 676 620 721 De
658 674 772 721 bello
812 673 867 720 de
908 672 1168 721 Chocherel.
1205 702 1268 709 —
1305 675 1527 732 Karolus,
1560 692 1644 722 rex

241 755 461 809 Navarre,
482 751 645 798 dolens
669 756 843 797 terram
860 766 990 797 suam
1012 750 1290 797 Gallicorum
1312 751 1490 799 viribus
1508 768 1645 799 occu-

244 833 416 890 patam,
447 828 703 874 exercitum
728 843 838 873 mox
856 826 1057 873 duorum
1074 826 1251 874 milium
1272 833 1318 874 et
1335 828 1644 877 ducentorum

241 904 448 968 pugilum
475 921 532 950 ex
559 904 653 951 suis
677 902 1062 959 Navarrensibus,
1087 904 1404 951 Guasconibus
1431 911 1476 951 et
1495 905 1645 953 subsi-

241 980 397 1028 diariis
422 981 624 1045 Anglicis
649 980 884 1044 recollegit
914 980 993 1043 qui
1029 980 1115 1028 sub
1153 980 1359 1043 quodam
1385 983 1641 1039 Guascone,

241 1057 327 1103 sibi
356 1074 527 1121 genere
558 1057 848 1120 propinquo,
880 1058 1067 1104 nomine
1102 1066 1265 1121 θαμίζω
1291 1058 1348 1105 de
1381 1062 1499 1111 Beu,
1535 1077 1645 1122 pro-

240 1134 349 1181 vido
375 1135 537 1197 utique
563 1135 706 1181 milite
731 1142 778 1181 et
803 1134 849 1181 in
876 1134 1051 1182 bellicis
1076 1135 1255 1182 actibus
1281 1135 1424 1182 multa
1449 1137 1646 1183 strenui-

241 1217 332 1258 tate
364 1211 635 1274 conspicuo,
667 1211 933 1259 militarent.
973 1214 1097 1269 Quos
1129 1229 1234 1259 cum
1267 1212 1425 1259 verbis
1467 1213 1647 1260 lenibus

239 1292 285 1333 ct
310 1287 698 1349 promissionibus
724 1287 974 1334 animasset
991 1294 1041 1334 ut
1061 1287 1118 1334 ad
1145 1288 1519 1350 recuperandum
1539 1305 1646 1352 per-

239 1362 350 1417 dita,
370 1367 447 1410 aut
463 1363 625 1410 saltem
639 1363 695 1409 ad
712 1363 1023 1426 direptionem
1042 1363 1189 1427 regni,
1209 1363 1381 1427 ubique
1403 1364 1647 1427 prosilien-

238 1446 325 1496 tes,
343 1439 496 1486 modis
512 1440 729 1487 omnibus
743 1440 1026 1495 laborarent,
1048 1457 1153 1488 cum
1168 1440 1215 1487 in
1233 1440 1435 1487 confinio
1450 1440 1645 1488 Ebroice

239 1516 436 1563 civitatis
462 1515 714 1563 honorifice
741 1517 916 1579 recepti
943 1517 1155 1574 fuissent,
1184 1518 1486 1580 postmodum
1512 1518 1647 1582 juxta

239 1593 404 1640 urbem
436 1593 640 1640 fixerunt
668 1594 886 1649 tentoria,
917 1594 979 1641 ibi
1013 1595 1259 1657 aliquantis
1292 1594 1458 1642 diebus
1489 1611 1644 1641 mora-

240 1668 349 1724 turi,
374 1675 436 1723 et,
463 1669 498 1714 si
525 1669 642 1715 ultra
667 1669 893 1716 deberent
919 1670 1191 1732 procedere,
1217 1671 1460 1718 consilium
1481 1688 1643 1734 accep-

239 1745 327 1791 turi
380 1761 438 1791 ne
478 1745 615 1791 nimis
658 1745 992 1808 precipitanter
1034 1746 1340 1810 egrederetur
1376 1747 1638 1810 negocium.

237 1822 402 1868 Comes
432 1837 632 1884 namque
656 1822 1093 1878 Autissiodorensis,
1119 1823 1320 1887 juvenis,
1352 1831 1397 1870 et
1425 1823 1642 1871 dominus

235 1900 521 1944 Bertrannus
547 1897 605 1944 de
630 1898 865 1961 Glasquin,
889 1898 1021 1945 miles
1038 1906 1260 1962 expertus
1278 1906 1323 1946 et
1344 1900 1514 1955 audax,
1536 1918 1641 1948 cum

236 1973 537 2036 sequentibus
568 1975 735 2022 merito
767 1975 1061 2022 nominandis
1095 1976 1335 2023 videlicet3
1372 1976 1642 2024 vicecomite

235 2050 293 2097 de
320 2050 622 2107 Bellomonte,
647 2050 836 2098 domino
855 2052 1090 2100 Gauffrido
1111 2053 1395 2115 Danequin4,
1417 2053 1641 2117 magistro

235 2126 577 2174 balistariorum
618 2128 830 2185 Francie,
867 2128 1057 2175 domino
1101 2129 1308 2177 Johanne
1346 2130 1404 2176 de
1449 2130 1641 2177 Cervole

235 2204 331 2250 sive
366 2204 819 2267 Archipresbitemss,
862 2205 1097 2252 Ludovico
1131 2206 1189 2253 de
1221 2210 1485 2269 Hanequer,
1528 2207 1642 2254 ssan-

236 2280 409 2337 drensi,
433 2282 638 2330 Johanne
656 2282 713 2328 de
735 2283 1013 2345 Sernapont‚
1035 2284 1240 2330 Tierrico
1261 2284 1318 2330 de
1340 2284 1634 2339 Bornolvilla,

282 2413 314 2446 l.
338 2411 369 2446 Il
397 2423 420 2458 y
442 2422 463 2446 a
483 2423 535 2447 un
557 2412 670 2448 blanc
692 2412 787 2448 dans
808 2413 841 2448 lc
862 2413 1077 2449 manuscrit
1097 2415 1208 2460 apres
1232 2415 1264 2450 le
1285 2418 1365 2450 mot
1386 2416 1492 2459 quod.

280 2470 313 2504 2.
339 2469 409 2504 Ms.
433 2474 585 2505 certum.

280 2527 314 2563 3.
336 2528 388 2562 Le
409 2534 489 2563 mot
509 2530 673 2564 videlicet
694 2534 751 2564 est
776 2530 900 2575 repeti?
922 2529 1017 2565 dans
1041 2531 1073 2566 le
1094 2531 1320 2567 manuscrit.

280 2587 313 2621 4.
337 2586 388 2622 Le
416 2587 552 2622 maitrc
586 2588 650 2623 dos
680 2588 927 2624 arbaletriers
957 2589 1049 2625 omit
1084 2589 1259 2625 Baudoin
1291 2596 1327 2626 et
1362 2602 1439 2626 nou
1469 2591 1637 2627 Geoffioi

233 2644 494 2692 ‹l'Annequi11.
519 2646 586 2692 Or,
609 2647 643 2682 la
665 2648 790 2682 meme
812 2659 943 2683 errcur
963 2659 1003 2684 se
1026 2655 1202 2685 retrouve
1223 2650 1318 2684 dans
1335 2649 1510 2685 Guvrlici·
1531 2650 1633 2694 (mlii.

235 2704 453 2751 Gliarriere,
476 2710 501 2740 t..
526 2706 555 2748 I,
580 2716 665 2740 vers
687 2706 790 2750 4120)
813 2712 850 2741 ct
871 2706 963 2742 dans
986 2708 1020 2743 lat
1043 2709 1347 2753 (leronoqraphz'a
1369 2720 1493 2752 rossum
1519 2710 1635 2744 Fran-

236 2774 361 2799 corum
385 2769 420 2802 (t.
446 2764 496 2805 ΙΙ,
519 2776 553 2811 11».
578 2766 670 2805 38⁵2).

284 2824 314 2857 5.
342 2823 412 2858 Ms.
435 2825 751 2869 (ZPI'JLI'pl'cSln'bcl'O.
