2060 3345
327 316 371 352 92
563 317 768 349 RICHARDI
798 316 925 348 SCOTI
955 313 1161 346 CHRONICI
1190 313 1496 345 CONTINUATIO.
1620 308 1724 354 [1352

328 396 476 445 Guido
526 395 583 443 de
632 392 829 456 Nigella‚
880 391 1097 438 dominus
1146 390 1483 445 d'Auffemont,
1535 390 1725 436 Francie

326 472 648 527 marescallus,
691 477 735 516 ct
774 468 990 516 dominus
1029 468 1086 516 de
1125 467 1407 530 Briquebec,
1450 466 1726 513 castellanus

326 548 631 602 Belvacensis‚
662 544 786 608 apud
811 546 1044 592 Mauront¹
1068 545 1111 591 in
1132 544 1365 591 Britannia
1389 548 1550 589 contra
1569 542 1726 606 Angli-

327 643 405 673 cos
431 623 670 671 infeliciter
696 627 957 686 pugnantes
983 621 1319 684 perimuntur2.

391 707 502 755 220.
531 732 594 740 -
619 707 769 766 Prope
800 702 1018 760 Parisius‚
1055 702 1100 749 in
1132 706 1266 750 Prata
1302 700 1600 756 Clericorum,
1630 700 1725 748 dux

327 783 383 831 de
401 781 617 829 Bresovic
637 785 683 826 et
699 780 795 827 dux
809 779 1070 826 Lencastrie
1088 779 1337 826 voluerunt
1355 776 1727 824 monomachiam

325 859 566 907 comittere
591 856 833 905 occasione
857 855 1133 918 proditionis
1159 872 1249 917 que
1276 854 1362 901 sibi
1389 859 1550 901 mutuo
1576 853 1728 916 impo-

326 935 512 989 nebant,
538 949 628 996 que
655 948 741 995 per
759 937 904 978 testes
929 930 1118 994 probari
1145 946 1236 977 non
1263 934 1510 992 potuerant
1534 928 1615 975 sed
1642 944 1727 975 rex

326 1011 557 1059 Johannes
592 1009 671 1072 qui
705 1013 815 1055 tunc
849 1024 1044 1070 presens
1079 1012 1179 1054 erat
1210 1006 1297 1053 hoc
1333 1021 1496 1069 passus
1532 1021 1623 1052 non
1659 1010 1727 1051 est

326 1103 431 1134 cum
466 1084 772 1133 admiratione
810 1084 1065 1131 multorum
1101 1082 1208 1146 quia
1246 1098 1365 1129 unus
1399 1082 1648 1129 Alemanus
1683 1085 1729 1127 et

326 1165 441 1212 alter
461 1161 682 1227 Anglicus
702 1166 804 1208 erat
816 1162 852 1207 3.

391 1245 503 1296 224.
527 1271 590 1280 -
615 1243 772 1292 Gallici
796 1244 842 1290 in
866 1258 1040 1290 vanum
1064 1245 1413 1305 temptaverunt
1439 1245 1644 1288 castrum
1670 1238 1728 1287 de

328 1322 498 1371 Guines
522 1336 802 1383 recuperare
828 1318 1082 1383 perditum.

392 1403 504 1452 222.
528 1431 592 1439 -
612 1404 745 1450 Anno
771 1402 879 1457 isto,
909 1418 993 1448 rex
1012 1401 1172 1465 Anglie
1192 1399 1438 1447 Eduardus
1464 1415 1569 1446 cum
1596 1415 1730 1446 exer-

329 1480 421 1526 citu
451 1479 655 1526 maximo
682 1495 766 1542 per
789 1477 1014 1526 Calesium
1041 1492 1188 1539 usque
1209 1474 1448 1522 Ambianis
1474 1473 1731 1538 grassando

328 1556 571 1611 hostiliter,
613 1560 771 1618 partes
815 1553 914 1600 illas
951 1552 1168 1608 cedibus,
1212 1551 1386 1613 rapinis
1423 1557 1469 1597 et
1509 1549 1732 1597 incendiis

328 1630 544 1687 vastavit,
566 1630 647 1677 sed
668 1629 792 1693 regis
808 1628 1030 1676 Johannis
1051 1634 1097 1675 et
1117 1627 1187 1675 sui
1208 1626 1438 1673 exercitus
1459 1625 1731 1689 precognito

329 1707 530 1755 adventu
564 1706 622 1754 ad
655 1722 762 1752 eum
795 1704 1147 1759 debellandum,
1182 1703 1353 1750 iterum
1386 1701 1656 1749 retrocessit
1686 1707 1732 1748 et

329 1790 438 1831 tunc
463 1783 595 1831 fedus
620 1782 845 1829 induciale
872 1797 1020 1843 usque
1041 1780 1099 1827 ad
1119 1796 1291 1827 annum
1314 1779 1435 1826 inter
1455 1795 1590 1843 reges
1605 1778 1732 1842 jura-

330 1866 429 1908 tum
446 1865 533 1916 est,
554 1859 676 1922 quo4
696 1858 1020 1905 nichilominus
1035 1856 1336 1920 perdurante,
1359 1855 1537 1920 Anglici
1558 1858 1732 1918 Domp-

331 1935 664 1991 numfrontem,
694 1938 899 1981 castrum
925 1932 1279 1989 validissimum,
1309 1936 1552 1995 ceperunt.

395 2019 508 2067 223.
535 2044 599 2052 -
628 2016 853 2064 Dominus
882 2014 1073 2078 Egidius
1104 2013 1317 2078 Rigaudi,
1347 2014 1445 2075 qui,
1481 2012 1539 2060 de
1565 2012 1733 2060 abbate

332 2093 484 2142 Sancti
516 2091 720 2156 Dionysii
752 2092 944 2139 effectus
977 2090 1245 2146 cardinalis,
1282 2089 1458 2137 curiam
1491 2104 1733 2136 romanam

382 2249 414 2283 1.
438 2247 613 2292 Mamm,
635 2244 851 2290 Morbihan‚
874 2255 945 2281 arr.
969 2244 1014 2280 de
1034 2242 1235 2280 Ploermel.

381 2307 416 2342 2.
439 2305 584 2341 Robert
603 2302 844 2350 d'Avesbury
858 2314 880 2338 a
893 2303 1022 2350 publie
1042 2303 1079 2338 la
1098 2302 1206 2338 lettre
1220 2301 1393 2338 adressee
1407 2300 1428 2336 ἐι
1442 2303 1540 2337 cette
1559 2299 1734 2336 occasion

334 2366 357 2401 a
377 2356 553 2400 Edouard
573 2362 630 2398 111
650 2372 717 2409 par
738 2362 897 2398 Gautier
916 2361 961 2397 de
982 2361 1176 2407 Bentelee,
1194 2371 1261 2396 son
1282 2359 1495 2395 lieutenant
1514 2357 1665 2405 general
1686 2368 1734 2393 en

335 2424 523 2469 Bretagne
544 2421 615 2466 (ed.
638 2421 872 2467 Thompson,
895 2431 930 2466 p.
954 2420 1049 2463 416).

384 2481 416 2517 3.
439 2481 492 2516 Le
512 2479 600 2515 duel
620 2478 746 2514 devait
766 2478 871 2514 avoir
892 2478 968 2514 lieu
990 2478 1025 2514 le
1045 2478 1064 2514 4
1086 2477 1285 2514 decembre
1306 2475 1415 2521 13523
1432 2475 1459 2511 il
1477 2475 1534 2511 fut
1553 2473 1734 2521 empeche

336 2551 403 2587 par
433 2539 466 2575 le
493 2538 546 2575 roi
575 2538 621 2574 de
647 2538 804 2583 France,
826 2548 975 2574 comme
1001 2537 1035 2573 le
1060 2536 1295 2583 temoignent
1323 2546 1381 2570 ses
1407 2534 1535 2570 lettres
1555 2533 1606 2569 du
1625 2533 1646 2569 9
1667 2533 1733 2568 de-

337 2598 486 2635 cembre
509 2596 612 2642 1352,
634 2596 803 2643 publiees
826 2607 890 2642 par
912 2595 1083 2641 Leibniz,
1105 2596 1306 2640 Scriptores
1328 2603 1453 2628 rerum
1480 2593 1735 2627 Brunswicen-

337 2659 445 2696 sium,
471 2660 497 2691 t.
520 2654 571 2700 ΙΙ,
593 2665 627 2700 p.
651 2654 707 2690 47.
731 2653 784 2689 Cf.
809 2654 969 2690 Grandes
990 2654 1225 2699 Chroniques,
1250 2658 1276 2688 t.
1294 2651 1364 2697 VI,
1385 2662 1420 2697 p.
1443 2650 1482 2694 6;
1506 2651 1735 2694 Ghronoyra-

335 2716 426 2760 phia
446 2724 520 2759 req.
542 2714 688 2753 Franc„
713 2716 739 2748 t.
762 2711 814 2759 ΙΙ,
836 2723 871 2759 p.
893 2712 973 2748 251.

388 2773 421 2807 4.
446 2771 516 2807 Ms.
539 2771 647 2816 quod.

2054 1154 2060 1166 .-
2051 1061 2060 1082 „q
2055 1043 2060 1054 n
2046 777 2060 1015 namna-neue&
2052 755 2059 771 ι·
2051 714 2059 719 r
2051 678 2058 709 ‘-
