2060 3345
228 328 329 374 1270]
567 330 773 363 CHRONICI
800 331 930 362 PRIMA
959 330 1264 362 CONTINUATIO.
1554 326 1613 361 lSl

225 411 441 475 adjuncto
465 411 550 459 sibi
569 427 678 475 rege
698 413 900 456 Navarre
924 410 1184 473 comiteque
1206 409 1452 473 Campaniae
1473 409 1619 457 Theo-

224 487 361 534 baldo
387 494 430 534 et
457 486 810 550 quamplurimis
830 486 1018 548 prelatis
1039 492 1083 533 et
1102 487 1353 534 baronibus
1378 502 1464 549 pro
1487 502 1620 533 recu-

223 564 461 627 peratione
488 567 627 611 Terre
653 568 808 610 sancte
841 563 929 609 iter
955 563 1223 626 assumpsit.
1253 567 1423 612 Verum
1449 562 1506 609 ad
1533 563 1620 609 hoc

224 646 274 687 ut
288 644 426 687 Terra
441 646 596 688 saneta
613 639 788 686 facilius
809 644 1183 702 recuperaretur,
1201 639 1358 686 incidit
1378 639 1491 702 ipsis
1512 655 1620 686 con-

224 717 373 764 silium
402 724 449 764 ut
483 732 679 781 regnum
711 714 915 762 Thunicii
946 714 1071 778 quod
1104 715 1149 761 in
1183 715 1336 762 medio
1364 716 1622 763 consistens

224 809 315 839 non
358 809 555 855 parvum
590 792 730 839 dabat
767 791 1174 838 transfretantibus
1215 792 1617 854 impedimentum,

224 869 437 932 primitus
475 869 839 917 Christianorum
875 867 1164 915 subiceretur
1196 868 1415 930 potestati
1451 869 1517 932 (9)
1556 874 1616 925 et,

223 962 327 993 cum
354 952 541 1009 portum
568 951 612 992 et
641 944 965 1008 Carthaginem
992 960 1083 1006 que
1115 948 1184 990 est
1211 960 1358 1006 prope
1384 945 1620 991 Tunicium

222 1023 399 1085 potenti
414 1038 555 1069 manu
570 1022 818 1085 cepissent,
834 1021 1077 1067 infirmitas
1093 1037 1182 1084 que
1196 1021 1272 1067 illo
1288 1038 1407 1067 anno
1423 1021 1622 1068 maxime

222 1099 341 1146 circa
375 1098 571 1146 confinia
605 1098 746 1145 maris
774 1097 937 1162 viguit,
967 1097 1012 1144 in
1043 1097 1316 1144 eorumdem
1343 1097 1624 1145 Christiano-

222 1192 326 1222 rum
347 1176 552 1222 exercitu
573 1175 711 1222 nimis
732 1175 937 1221 invaluit.
962 1177 1017 1221 Et
1038 1174 1191 1237 primo
1213 1173 1402 1236 quidem
1423 1173 1480 1221 de
1501 1174 1624 1238 regis

222 1251 410 1299 Francie
448 1251 552 1298 filiis
579 1251 833 1299 johannem
869 1250 1085 1297 comitem
1121 1251 1470 1305 Nivernensem,
1517 1255 1624 1312 post

223 1328 422 1392 legatum
444 1327 623 1375 Domini
652 1344 790 1391 pape,
815 1327 1054 1374 dominum
1077 1327 1387 1374 Albanensem
1415 1326 1625 1373 cardina-

222 1405 328 1459 lem,
347 1412 389 1452 et
412 1404 602 1452 demum
624 1405 777 1467 ipsum
796 1419 955 1468 regem
974 1403 1405 1451 christianissimum
1425 1403 1625 1450 Ludovi-

221 1498 327 1528 cum
361 1498 467 1529 cum
501 1481 713 1544 plurimis
740 1481 993 1528 baronibus
1026 1487 1071 1528 et
1095 1481 1342 1528 comitibus
1374 1497 1552 1527 necnon
1580 1486 1625 1527 et

221 1558 320 1605 aliis
341 1557 646 1621 simplicibus,
678 1557 734 1605 de
756 1558 910 1604 medio
937 1558 1137 1605 sustulit.

286 1638 430 1693 Quam
472 1634 664 1682 feliciter
705 1641 860 1682 autem
901 1634 1140 1697 predictus
1181 1634 1502 1682 terminaverit.
1540 1651 1621 1680 rex

221 1711 498 1768 Ludovicus,
530 1728 611 1757 rex
632 1714 835 1758 Navarre
856 1711 1046 1758 domino
1066 1712 1319 1758 Tusculano
1343 1727 1428 1774 per
1449 1711 1624 1758 litteras

221 1788 451 1835 nuntiavit
465 1807 475 1844 3
494 1805 599 1834 nam
618 1788 663 1834 in
678 1788 945 1834 infirmitate
960 1804 1041 1834 sua
1055 1788 1242 1835 laudare
1259 1804 1427 1834 nomen
1441 1788 1621 1834 Domini

220 1882 311 1912 non
344 1882 547 1922 cessans,
585 1866 707 1912 illam
744 1865 1002 1912 orationem
1034 1865 1315 1928 quandoque
1348 1864 1573 1912 inferebat
1612 1884 1619 1910 :

224 1961 243 1985 «
269 1945 356 1989 Fac
382 1959 484 1998 nos,
509 1959 780 2004 quesumus,
806 1942 1016 1998 Domine,
1041 1959 1266 2005 prospera
1286 1942 1446 1989 mundi
1468 1941 1624 2004 despi-

219 2035 324 2065 cere
351 2025 396 2064 et
422 2019 543 2065 nulla
563 2018 661 2082 ejus
687 2018 884 2066 adversa
913 2019 1183 2066 formidare.
1220 2039 1239 2062 »
1265 2018 1437 2065 Orabat
1463 2025 1509 2065 et
1537 2035 1622 2081 pro

220 2095 393 2158 populo
408 2094 533 2157 quod
548 2111 705 2142 secum
721 2095 998 2150 adduxerat,
1021 2096 1203 2143 dicens:
1225 2115 1243 2139 c<
1262 2099 1390 2149 Esto,
1407 2094 1618 2149 Domine,

219 2172 343 2235 plebi
370 2177 446 2219 tue
468 2172 778 2218 sanctificator
804 2176 849 2218 et
876 2178 1048 2228 custos,
1080 2178 1167 2219 etc.
1201 2192 1220 2216 »
1251 2175 1431 2219 Etcum
1453 2188 1624 2234 appro-

218 2249 469 2312 pinquaret
480 2248 536 2295 ad
550 2250 708 2304 finem,
727 2249 995 2311 suspexitin
1008 2249 1157 2296 celum
1169 2249 1326 2297 dicens
1349 2267 1356 2295 :
1378 2268 1396 2293 «
1416 2249 1621 2295 Introibo

219 2326 264 2372 in
286 2325 478 2372 domum
509 2331 653 2380 tuam,
684 2325 889 2372 adorabo
916 2326 974 2372 ad
1006 2326 1231 2389 templum
1259 2333 1471 2374 sanctum
1493 2333 1621 2372 tuum

219 2406 266 2448 et
301 2402 559 2449 confitebor
591 2402 766 2449 nomini
803 2408 899 2457 tuo,
935 2402 1144 2449 Domine.
1190 2422 1209 2446 »
1254 2406 1309 2449 Et
1350 2403 1437 2449 lioc
1475 2402 1615 2458 dicto,

219 2478 504 2526 obdormivit
531 2479 576 2526 in
602 2480 814 2526 Domino.

289 2558 400 2618 Cap.
444 2555 586 2602 CXIX
618 2573 662 2602 (ι.
692 2584 756 2591 —-›
788 2558 901 2602 Cum
933 2561 1086 2602 autem
1122 2556 1179 2603 de
1215 2562 1364 2603 morte
1399 2556 1460 2619 pii
1498 2555 1620 2617 regis

218 2632 575 2678 christianorum
610 2632 840 2679 exercitus
877 2632 1144 2679 turbaretur
1181 2640 1223 2679 et
1260 2636 1618 2679 Sarracenorum

221 2707 457 2764 letaretur,
488 2708 707 2755 dominus
727 2708 939 2762 Karolus,
970 2724 1053 2754 rex
1081 2708 1245 2765 Sicilie,
1271 2708 1465 2754 bellator
1488 2724 1620 2771 egre-

220 2784 338 2846 gius,
377 2800 462 2846 pro
495 2801 588 2846 quo
620 2785 769 2831 adhuc
801 2785 962 2831 vivens
994 2784 1136 2831 frater
1169 2802 1279 2832 suus
1315 2802 1396 2831 rex
1435 2784 1620 2831 Franeie
