2060 3345
366 335 432 370 102
600 335 803 368 RIGHARDI
832 333 957 365 SCOTI
986 331 1194 364 CHRONICI
1222 331 1529 365 GONTINUATIO.
1653 327 1758 375 [1356

363 416 568 479 expulsis
601 430 717 477 quas
748 419 857 459 tunc
887 410 1075 474 yronice
1106 414 1326 473 Jaquetos
1358 414 1510 457 Bonos
1540 409 1759 456 Homines

365 493 573 547 vocabat,
609 506 665 536 ne
695 489 781 552 ipsi
817 493 973 535 essent
1002 487 1131 534 oneri
1157 486 1215 533 ad
1248 485 1628 548 consequendum
1653 485 1760 532 bra-

363 569 508 623 vium,
546 584 601 613 ne
635 564 891 612 adversarii
926 563 1153 611 evadendi
1192 562 1417 610 haberent
1456 567 1752 625 potestatem,

363 661 453 691 non
489 660 546 689 ex
574 642 751 689 directo
778 641 822 687 in
851 657 931 687 eos
963 656 1070 687 suas
1097 640 1219 686 acies
1245 639 1532 694 direxerunt,
1563 638 1644 684 sed
1674 654 1759 700 pcr

362 720 483 766 viam
510 718 705 765 oblicam
731 733 812 764 eos
838 716 1072 764 includere
1104 720 1468 778 temptaverunt.
1498 715 1758 776 Antequam

362 801 514 841 tamen
548 794 700 841 locum
737 798 897 856 aptum
934 791 1201 839 certaminis
1239 791 1516 854 attigissent,
1557 789 1759 853 insignes

361 871 554 918 comites
581 868 959 917 Autisidiorensis
992 873 1036 914 et
1071 866 1294 931 Jogniaci,
1325 866 1540 912 dominus
1572 881 1759 927 quoque

361 948 418 994 de
444 947 715 995 Castellione
747 946 826 1009 qui
855 946 974 992 lente
998 944 1121 1005 regis
1146 942 1266 990 acies
1292 942 1623 1005 sequebantur,
1653 941 1759 987 hos-

361 1029 484 1075 tibus
507 1027 754 1074 obviarunt
775 1042 880 1073 cum
907 1025 1077 1088 quibus
1102 1023 1345 1070 infeliciter
1370 1027 1630 1085 pugnantes
1650 1020 1759 1066 victi

360 1104 574 1167 captique
607 1101 836 1149 fuerunt1.
876 1104 974 1158 Quo
1009 1106 1222 1163 peracto,
1258 1115 1363 1146 cum
1398 1098 1615 1161 princeps
1651 1113 1760 1143 suos

361 1181 539 1244 pugiles
560 1179 742 1241 quarris
769 1184 815 1225 et
842 1176 1081 1240 quadrigis
1108 1183 1154 1222 et
1180 1175 1305 1222 omni
1327 1191 1498 1238 genere
1525 1173 1760 1220 vehiculo-

360 1273 464 1303 rum
491 1256 708 1302 cinxisset
736 1254 793 1301 ad
815 1252 1127 1300 resistendum
1154 1251 1340 1306 fortius,
1371 1267 1456 1313 per
1477 1250 1760 1297 cardinalem

362 1332 813 1395 Petragoricensem²
849 1330 955 1377 illuc
987 1328 1114 1392 pacis
1150 1327 1391 1374 occasione
1423 1345 1448 1373 a
1475 1343 1592 1390 papa
1620 1326 1761 1373 desti-

362 1415 537 1464 natum,
565 1407 661 1471 regi
693 1406 883 1453 Francie
909 1405 1029 1452 trina
1057 1405 1155 1451 vice
1176 1403 1334 1450 offerri
1361 1403 1466 1450 fecit
1495 1402 1648 1448 omnia
1670 1419 1760 1465 que

362 1485 486 1548 pacis
506 1490 639 1530 erant
663 1489 708 1530 et
733 1499 839 1529 cum
860 1487 1086 1545 perpetua
1106 1497 1218 1543 pace
1239 1479 1465 1542 quidquid
1493 1479 1606 1526 citra
1632 1494 1761 1525 mare

361 1560 537 1624 Anglici
572 1559 890 1622 possidebant.
929 1557 1104 1615 Quibus
1138 1573 1244 1603 cum
1279 1555 1594 1619 indignatione
1630 1571 1762 1617 spre-

361 1638 420 1684 tis
440 1643 486 1684 et
510 1653 616 1684 cum
634 1641 761 1683 tanta
782 1635 1000 1697 superbia
1018 1639 1068 1680 ut
1093 1633 1272 1680 nobiles
1292 1633 1559 1679 assistentes
1577 1631 1760 1694 publice

362 1714 515 1777 ipsum
551 1712 793 1759 dominum
824 1710 1104 1757 cardinalem
1137 1709 1194 1755 de
1227 1708 1489 1772 proditione
1525 1713 1754 1762 notarent,

361 1791 578 1837 confusus
603 1789 710 1836 inde
736 1787 977 1842 recedens,
1002 1803 1107 1834 cum
1133 1786 1290 1832 hostes
1316 1785 1374 1832 ab
1393 1802 1448 1832 eo
1472 1784 1606 1831 flexis
1631 1783 1760 1847 genim

360 1866 448 1913 bus
482 1863 851 1911 benedictionem
887 1862 1191 1925 accepissent,
1228 1867 1337 1907 tunc
1363 1861 1598 1907 fortunam
1626 1859 1759 1921 prelii

361 1948 608 2005 expectare
648 1945 855 1987 statuunt
897 1939 1017 2002 pede
1060 1939 1173 1984 fixo.
1221 1937 1292 1983 Ad
1339 1953 1502 1983 eorum
1546 1935 1759 1982 ordinem

361 2017 717 2081 explorandum,
756 2033 840 2063 rex
866 2016 1032 2062 ducem
1067 2014 1409 2068 Atheniensem,
1440 2012 1760 2060 conestabula-

361 2095 501 2149 rium,
531 2093 838 2154 dominosque
864 2090 1155 2153 Arnulphum
1185 2089 1492 2137 Daudenehan
1519 2095 1565 2136 et
1591 2089 1761 2136 Joban—

362 2187 469 2218 nem
500 2169 558 2216 de
591 2169 901 2223 Claromonte⁷
938 2165 1248 2221 marescallos‚
1280 2166 1485 2221 miserat,
1517 2165 1616 2221 sed,
1646 2164 1758 2212 visis

361 2245 657 2301 adversariis,
695 2251 795 2291 orta
830 2243 1124 2290 contentione
1151 2242 1326 2289 verbali
1363 2242 1484 2289 inter
1518 2257 1615 2297 eos,
1646 2241 1757 2287 dum

361 2339 480 2370 unus
506 2322 698 2385 dignum
721 2315 916 2367 duxeret
938 2320 1096 2367 hostes
1123 2318 1342 2366 invadere
1367 2324 1412 2366 et
1438 2317 1618 2382 ignavie
1644 2317 1754 2364 socii

412 2499 444 2533 1.
466 2497 573 2534 Cette
595 2500 799 2532 rencontre
820 2499 886 2530 eut
908 2493 982 2529 lieu
1001 2493 1035 2528 le
1051 2494 1092 2528 17
1110 2493 1326 2539 septembre
1346 2493 1433 2538 pres
1453 2492 1497 2527 de
1518 2491 1758 2539 Chauvigny.

363 2558 482 2594 Notre
504 2561 641 2591 auteur
661 2560 718 2590 est
738 2553 912 2589 d'accord
939 2563 1032 2589 avec
1055 2552 1196 2588 Robert
1217 2551 1457 2598 d’Avesbury
1479 2552 1524 2597 (p.
1551 2552 1628 2597 171)
1650 2557 1687 2586 et
1709 2551 1761 2586 Lc

365 2615 492 2650 Balzer
523 2613 569 2649 de
600 2611 861 2658 Swynebroke
901 2612 955 2656 (p.
985 2610 1070 2650 14⁶2)
1104 2620 1199 2655 pour
1230 2609 1432 2656 pretendre
1465 2620 1537 2655 que
1571 2609 1604 2643 le
1637 2614 1761 2644 comte

364 2671 578 2707 d'Auxerre
598 2682 623 2717 y
645 2670 699 2705 fut
729 2668 796 2703 fait
826 2667 1054 2714 prisonnier.
1084 2667 1156 2701 Les
1186 2668 1346 2704 Grandes
1376 2668 1597 2710 Chroniques
1630 2671 1667 2709 (t.
1693 2666 1760 2711 VI,

366 2743 403 2777 p.
425 2731 479 2771 31)
502 2728 730 2776 pretendent
749 2738 796 2762 au
818 2726 1008 2763 contraire
1029 2736 1101 2772 que
1123 2737 1163 2762 ce
1184 2726 1239 2761 fut
1261 2726 1294 2761 le
1316 2733 1440 2762 comte
1460 2725 1506 2762 de
1528 2725 1728 2761 Sanccrre.

416 2794 448 2829 Q,
474 2793 544 2828 Ms.
566 2792 883 2837 Petrczyorc'cense's.
