2060 3345
389 329 454 365 198
817 330 1003 362 GERARDI
1028 330 1084 360 DE
1110 328 1350 361 FRACHETO.
1675 327 1780 374 [1285

385 425 501 465 sam,
522 412 782 454 asserentes
801 404 975 451 nullum
994 405 1039 450 in
1061 420 1116 451 eo
1142 405 1307 452 mortis
1327 421 1429 452 esse
1448 405 1684 463 indicium,
1706 407 1780 455 die

383 483 601 531 mercurii
627 482 844 544 proximo
870 481 1098 542 sequenti,
1129 482 1250 528 circa
1284 482 1432 528 noctis
1461 481 1624 529 horam
1649 484 1781 545 quasi

383 560 608 622 quintam,
639 557 847 605 debitum
883 557 1128 603 exsolvens
1163 558 1438 605 conditionis
1470 557 1686 615 humane,
1721 559 1780 606 ad

382 635 646 691 Dominum,
667 639 716 680 ut
742 633 882 680 certis
908 633 1126 697 opinatur
1145 634 1343 690 indiciis,
1366 634 1713 698 transmigravit
1735 641 1781 682 et

382 710 559 757 vacavit
610 709 744 756 sedes
792 709 944 756 tribus
993 709 1176 757 diebus.
1227 711 1528 757 Diversarum
1580 726 1780 773 namque

382 786 535 833 afflicti
567 786 837 849 passionum
869 786 1041 833 scilicet
1066 787 1211 842 visus,
1239 786 1440 842 auditus,
1470 787 1706 850 ingressus
1733 793 1780 834 et

378 862 577 925 loquele,
613 862 832 925 prostrati
863 863 993 926 juxta
1026 863 1124 926 ejus
1156 863 1402 920 tumulum,
1438 862 1586 919 multi,
1617 878 1779 925 quam-

379 937 590 1000 plurimis
616 937 897 995 videntibus,
922 944 1028 985 sunt
1049 938 1213 985 sanati.

897 1110 938 1155 M
956 1108 1022 1155 CC
1045 1110 1257 1157 LXXXV.

442 1237 554 1299 Cap.
578 1235 776 1284 CXXVI.
799 1264 863 1271 —
883 1238 1017 1282 Anno
1043 1237 1222 1283 Domini
1245 1236 1297 1283 M⁰
1309 1236 1384 1285 CC⁰
1397 1238 1590 1293 LXXXV0,
1620 1241 1776 1284 Hono-

374 1314 470 1360 rius
505 1320 627 1368 1111112,
669 1313 853 1358 natione
888 1316 1145 1366 Romanus,
1190 1312 1248 1359 de
1287 1312 1428 1359 domo
1466 1314 1770 1371 Savellorum,

372 1395 456 1435 11110
479 1388 553 1435 die
579 1388 752 1435 mensis
781 1388 959 1451 aprilis,
984 1388 1134 1450 prima
1161 1388 1235 1435 die
1260 1404 1352 1450 qua
1377 1395 1693 1436 convenerunt
1717 1389 1776 1436 ad

374 1465 645 1513 electionem
678 1464 856 1512 Summi
888 1464 1121 1512 Pontificis
1153 1464 1496 1521 celebrandam,
1526 1464 1570 1510 in
1606 1481 1776 1527 papam

373 1542 432 1588 ab
459 1541 676 1588 omnibus
695 1547 765 1588 est
785 1541 958 1588 electus
985 1546 1030 1587 et
1057 1540 1131 1587 die
1158 1541 1368 1603 sequenti
1390 1540 1618 1588 dominica
1641 1557 1775 1588 coro-

372 1624 524 1664 natus.
548 1619 630 1664 Hic
654 1617 809 1665 statim
836 1624 943 1680 post
970 1617 1314 1680 promotionem
1340 1633 1470 1664 suam
1495 1623 1591 1664 tam
1618 1617 1773 1664 comiti

372 1693 686 1741 Attrebatensi
708 1694 754 1739 in
771 1693 935 1756 Apulia
951 1708 1091 1754 quam
1112 1692 1278 1739 ceteris
1299 1692 1592 1754 stipendariis
1612 1693 1656 1739 in
1675 1710 1774 1740 cer-

371 1770 430 1816 tis
464 1770 677 1832 partibus
716 1786 800 1832 per
835 1769 1077 1816 dominum
1111 1768 1356 1815 Martinum
1387 1768 1772 1831 predecessorem

371 1863 507 1894 suum
533 1846 774 1902 ordinatis,
797 1862 877 1892 eos
904 1844 1214 1900 confovend0‚
1244 1845 1472 1908 prestavit
1497 1845 1701 1892 subsidia
1726 1850 1773 1892 et

371 1923 590 1970 animavit
615 1922 673 1969 ad
700 1928 914 1985 suscepta
940 1921 1122 1985 negotia
1148 1921 1340 1968 sollicite
1366 1922 1711 1984 prosequenda.

436 2022 480 2052 a.
508 2032 571 2040 —
597 2005 773 2052 Eodem
796 2021 934 2061 anno,
971 2004 1208 2066 Philippus
1230 2012 1334 2060 Inus,
1366 2020 1449 2050 rex
1476 2004 1681 2059 Francie,
1713 2004 1772 2051 de

370 2081 589 2128 mandato
610 2080 787 2127 domini
808 2083 930 2143 Pape
952 2079 1130 2127 Martini
1152 2079 1321 2142 quarti,
1340 2096 1446 2126 cum
1460 2079 1610 2143 legato
1626 2079 1772 2142 ipsius

368 2174 506 2220 pape,
531 2156 718 2203 domino
738 2157 942 2204 Johanne
968 2156 1082 2202 tituli
1111 2158 1276 2202 Sancte
1300 2156 1462 2203 Cecilie
1489 2156 1767 2219 presbytero

369 2233 602 2290 cardinali,
619 2233 676 2279 ad
687 2234 775 2279 hoc
789 2232 1047 2295 specialiter
1059 2232 1306 2289 destinato,
1325 2238 1503 2279 terram
1514 2239 1559 2279 et
1572 2249 1769 2296 regnum
1799 2256 1808 2262 *

368 2308 597 2371 Aragonie
630 2308 751 2355 Petri
785 2308 1171 2355 excommunicati
1203 2324 1343 2370 quam
1377 2307 1614 2370 predictus
1647 2325 1769 2371 papa

369 2385 557 2441 Karolo,
589 2385 687 2447 ejus
707 2384 819 2441 filio,
844 2385 1002 2447 nepoti
1030 2384 1202 2431 scilicet
1227 2384 1336 2431 dicti
1362 2384 1500 2440 Petri,
1530 2400 1771 2431 concesse-

368 2468 439 2508 rat
465 2476 571 2508 cum
596 2460 737 2508 armis
764 2467 809 2508 et
835 2460 1010 2508 viribus
1036 2478 1088 2508 ac
1115 2478 1206 2508 non
1234 2461 1425 2507 minimo
1453 2460 1603 2524 gentis
1626 2464 1769 2507 Fran-

367 2554 530 2584 corum
550 2536 773 2592 exercitu,
798 2553 882 2598 per
902 2553 1030 2583 mare
1051 2543 1098 2583 et
1116 2543 1292 2583 terram
1312 2536 1500 2583 intravit
1521 2536 1764 2583 hostiliter.

368 2617 425 2660 Et
462 2613 615 2675 primo
650 2619 823 2659 terram
856 2613 1103 2660 Rocilionis
1140 2612 1441 2677 aggrediens,
1480 2614 1602 2675 cepit
1638 2613 1680 2659 in
1716 2629 1768 2660 ea

368 2690 550 2736 castella
570 2694 615 2736 et
632 2689 908 2736 munitiones
930 2689 1246 2752 quamplures,
1267 2689 1483 2735 nonnulla
1499 2688 1559 2736 ob
1575 2689 1644 2736 sui
1667 2689 1768 2735 vili-

369 2771 513 2812 tatem
535 2771 581 2812 et
606 2764 918 2812 habitatorum
943 2765 988 2812 in
1011 2781 1066 2811 eo
1093 2764 1370 2827 parvitatem
1391 2765 1467 2827 qui
1494 2764 1580 2811 sibi
1601 2771 1647 2811 et
1673 2765 1768 2811 suis
