2060 3345
401 363 443 399 54
778 363 984 396 RICHARDI
1012 362 1139 394 SCOTI
1163 362 1429 395 CHRONICON.
1694 358 1794 404 [1341

955 509 995 553 Μ
1016 507 1117 554 CCC
1137 509 1250 554 XLI.

464 649 656 698 436-a1.
677 676 741 683 —
767 649 900 695 Anno
927 647 1108 694 Domini
1138 646 1190 694 M⁰
1206 647 1312 695 ccc⁰
1329 647 1442 703 XL10,
1463 663 1622 694 comes
1648 651 1800 695 Hano-

396 729 468 776 nie
489 727 569 790 qui
597 726 742 773 multa
762 725 966 788 dampna
992 725 1198 772 ecclesiis
1223 725 1441 772 intulerat
1462 725 1509 771 in
1530 724 1801 788 episcopatu

396 803 716 853 Cameracensi
748 808 793 850 et
823 802 1065 850 Tereschie
1098 819 1279 850 necnon
1313 801 1505 849 ecclesie
1537 802 1664 849 Beati
1694 800 1802 849 Dio-

394 881 513 945 nysii
545 881 591 927 in
631 879 872 927 Tereschia
910 896 998 943 pro
1040 879 1210 943 quibus
1244 879 1674 927 excommunicatus
1708 895 1801 926 non

394 959 546 1005 solum
572 957 631 1005 ab
657 957 880 1020 episcopo
912 957 1233 1004 Cameracensi
1270 956 1352 1004 sed
1386 956 1525 1004 etiam
1555 974 1580 1003 a
1610 958 1801 1003 Summo

393 1034 615 1083 Pontifice
664 1034 915 1082 Benedicto
975 1039 1246 1096 terramque
1302 1050 1434 1081 suam
1491 1037 1802 1097 supposuerat

393 1110 657 1167 interdicto,
681 1110 906 1158 Avinione
932 1110 1244 1174 proficiscitur
1262 1110 1359 1166 ubi,
1383 1108 1674 1157 absolutione
1694 1125 1802 1172 per-

393 1192 545 1251 cepta,
576 1186 882 1250 postmodum
907 1186 965 1233 ad
992 1186 1186 1249 propria
1211 1185 1479 1232 remeavit2.

460 1266 570 1310 437.
595 1291 658 1299 -—
680 1264 793 1327 Cap.
822 1262 1049 1311 CLXXXI
1067 1279 1112 1310 a.
1132 1290 1195 1298 —
1213 1261 1451 1309 Dominica
1469 1266 1575 1308 ante
1596 1262 1802 1310 Brando-

392 1357 492 1397 nes,
513 1340 628 1387 obiit
645 1339 925 1397 Ludovicus,
944 1339 1041 1386 dux
1056 1338 1288 1386 Borbonie
1302 1344 1348 1386 et
1365 1354 1522 1385 comes
1543 1338 1682 1385 etiam
1703 1338 1802 1387 Cla-

392 1417 637 1474 romontiS,
667 1417 747 1479 qui
767 1417 893 1480 apud
917 1416 1239 1464 Predicatores
1259 1415 1461 1462 Parisius
1479 1420 1550 1462 est
1570 1415 1797 1479 sepultus.

458 1496 569 1541 438.
591 1522 654 1530 —
675 1494 901 1541 Defuncto
927 1494 1152 1549 Johanne,
1177 1492 1416 1540 Britannie
1443 1492 1578 1549 duce,
1608 1498 1712 1539 orta
1731 1498 1802 1539 est

392 1570 712 1618 controversia
739 1586 906 1634 magna
926 1571 1048 1617 inter
1067 1569 1290 1617 Karolum
1309 1567 1368 1615 de
1389 1568 1550 1625 sslesis,
1580 1573 1801 1632 nepotem

390 1647 514 1712 regis
552 1664 610 1695 ex
652 1663 815 1694 sorore
854 1650 1136 1711 Margareta,
1180 1662 1328 1693 uxore
1363 1644 1545 1692 comitis
1572 1645 1802 1693 Blesensis

392 1723 646 1788 Guydonis,
678 1723 757 1786 qui
778 1723 916 1770 etiam
942 1723 1139 1770 Karolus
1166 1722 1307 1769 filiam
1332 1721 1587 1785 Guydonis‚
1618 1722 1802 1770 comitis

389 1800 760 1857 Lemovicarum,
802 1799 959 1847 fratris
994 1799 1204 1863 ejusdem
1234 1798 1365 1846 ducis
1399 1798 1606 1846 secundo
1637 1798 1796 1862 geniti,

390 1878 779 1940 desponsaverat,
822 1883 869 1923 et
900 1877 1181 1931 Johannem,
1221 1876 1440 1922 comitem
1476 1875 1797 1932 Montisfortis‚

390 1954 584 2001 fratrem
618 1952 830 2017 ejusdem
861 1953 993 2000 ducis
1022 1952 1162 1999 tertio
1193 1952 1420 2016 genitum.
1452 1951 1642 1999 Dicebat
1675 1952 1800 2000 enim

390 2030 515 2077 idem
563 2030 761 2078 Karolus
810 2029 961 2092 quod,
1009 2028 1189 2076 ratione
1235 2029 1584 2076 consuetudinis
1627 2046 1801 2092 appro-

392 2107 498 2154 bate
539 2112 584 2154 et
622 2106 852 2154 currentis
889 2122 976 2170 per
1011 2111 1159 2153 totam
1199 2105 1486 2152 Britanniam
1523 2105 1720 2153 dicentis
1755 2113 1802 2153 et

391 2183 589 2231 volentis
628 2183 755 2246 quod
794 2184 831 2231 si
873 2183 1037 2246 aliquis
1072 2189 1168 2230 tam
1204 2182 1372 2230 nobilis
1407 2199 1549 2245 quam
1582 2183 1800 2247 ignobilis

391 2259 655 2317 decederet,
687 2259 860 2307 herede
895 2259 953 2306 de
990 2276 1074 2306 suo
1110 2275 1311 2323 corpore
1346 2275 1439 2306 non
1469 2259 1647 2317 relicto,
1688 2259 1798 2307 dato

392 2336 519 2399 quod
555 2336 747 2383 haberet
787 2336 945 2399 plures
985 2335 1170 2391 fratres,
1210 2335 1320 2383 dato
1356 2335 1496 2382 etiam
1532 2335 1659 2398 quod
1692 2342 1798 2383 ante

441 2477 473 2512 1.
491 2475 527 2512 A
541 2476 718 2523 partirde
733 2486 774 2512 ce
790 2481 964 2512 moment
975 2476 1153 2524 jusqu’en
1171 2476 1276 2522 1345,
1293 2476 1347 2512 les
1363 2476 1615 2513 nombreuses
1632 2487 1796 2513 ressem-

393 2536 551 2572 blances
572 2546 644 2582 que
666 2546 763 2571 nous
784 2546 905 2572 avons
924 2536 1103 2583 jusqu'ici
1125 2535 1317 2583 signale'es
1338 2540 1447 2571 entre
1462 2540 1572 2571 notre
1587 2536 1798 2583 chronique

393 2601 430 2630 et
445 2595 478 2630 le
494 2594 777 2631 Continuateur
795 2594 839 2629 de
856 2594 1077 2631 Guillaume
1092 2595 1137 2630 de
1153 2594 1300 2641 Nangis
1316 2599 1469 2630 cessent
1485 2594 1794 2641 completcment,

393 2653 520 2689 tandis
541 2653 699 2700 qu'elles
727 2653 957 2689 continuent
985 2653 1090 2689 aussi
1117 2653 1369 2690 nombreuses
1397 2658 1507 2690 entre
1528 2658 1638 2689 notre
1659 2660 1797 2690 auteur

394 2718 431 2748 et
452 2713 507 2748 les
528 2713 692 2749 Grandes
713 2713 951 2757 Chroniques.

441 2772 474 2807 ⁶2.
498 2771 550 2808 Ge
577 2772 645 2807 fait
671 2771 770 2807 n'est
798 2772 1024 2807 mentionne
1051 2772 1090 2807 ni
1116 2771 1212 2807 dans
1242 2772 1278 2807 la
1305 2770 1587 2807 Continuation
1614 2771 1660 2807 de
1686 2770 1796 2807 Guil-

395 2829 521 2865 laume
542 2829 586 2864 (le
608 2829 754 2876 Nangis
774 2830 813 2865 ni
834 2830 929 2865 dans
950 2830 1004 2864 los
1025 2831 1186 2866 Grandes
1208 2830 1443 2873 Ghronz'quos.
