2060 3345
251 310 356 357 1358]
479 313 685 346 RICHARDI
713 312 840 345 SCOTI
867 311 1075 344 CHRONICI
1103 311 1411 344 CONTINUATIO.
1584 308 1649 343 135

314 393 427 441 293.
445 418 507 426 -
520 393 723 438 Durante
744 388 883 435 etiam
903 388 1087 435 mortali
1107 387 1339 436 discordia
1352 387 1473 434 inter
1485 387 1653 435 Johan-

251 482 359 514 nem
391 466 449 514 de
484 464 747 514 Monteforti
781 469 827 510 et
860 464 1082 511 Karolum
1113 464 1378 511 Blesensem
1413 463 1654 510 occasione

250 543 445 590 ducatus
461 541 712 596 Britannie⁷
732 540 866 587 miles
885 539 931 586 in
951 539 1094 586 armis
1114 545 1349 598 strenuus,
1370 543 1655 588 Bertrannus

253 620 311 668 de
322 620 540 682 Glesquin
549 657 559 674 ‚
575 619 730 665 villam
742 617 800 664 de
812 617 954 664 Dinan
963 654 974 673 ‚
988 616 1171 664 noviter
1188 617 1479 666 fortificatam
1488 656 1498 674 ‚
1514 632 1656 680 quam

250 713 274 742 a
287 696 458 743 Karolo
469 694 670 743 Blesensi
683 692 1034 741 custodiendam
1045 699 1250 755 ceperat,
1267 700 1427 741 contra
1438 694 1655 741 comitem

251 772 308 820 de
328 772 590 820 Monteforti
611 776 657 817 et
673 770 839 817 ducem
857 769 1120 817 Lencastrie
1141 770 1464 831 potentissime
1481 770 1658 817 deffen-

250 849 375 896 ditet
387 849 512 912 quia,
530 849 726 896 durante
740 847 998 900 obsidione,
1015 845 1172 893 federe
1187 846 1401 893 induciali
1415 863 1637 894 concesso
1646 886 1656 899 ‚

251 932 413 972 contra
430 925 537 989 jura
560 924 808 980 bellorum,
839 923 1056 971 dominus
1082 922 1282 970 Thomas
1304 923 1363 969 de
1390 923 1659 971 Canteberia

252 1002 445 1049 fratrem
484 1017 619 1049 suum
656 1000 925 1056 Oliverium‚
964 999 1025 1046 nil
1067 999 1154 1046 sibi
1196 1000 1457 1056 timentem,
1500 1000 1660 1047 dolose

252 1085 440 1142 ceperat
477 1084 524 1126 et
562 1077 799 1125 detinebat
836 1077 1022 1141 injuste,
1061 1082 1225 1124 contra
1262 1077 1417 1140 ipsum
1455 1077 1662 1124 duellum

252 1156 499 1202 victoriose
536 1155 769 1202 commisit
806 1154 852 1201 in
894 1154 1129 1217 presentia
1172 1153 1474 1218 Anglicorum
1512 1159 1557 1200 et
1597 1154 1662 1201 sic

252 1232 447 1280 fratrem
474 1231 704 1279 liberavit.
734 1230 1075 1279 Recedentibus
1107 1230 1264 1294 itaque
1295 1230 1485 1293 prefatis
1511 1230 1662 1276 domi-

251 1308 340 1365 nis,
368 1314 519 1355 castra
545 1308 602 1355 de
629 1311 804 1372 Turgot
830 1313 875 1355 et
900 1307 958 1354 de
984 1310 1182 1354 Pestuen
1208 1307 1388 1354 viribus
1418 1307 1663 1369 occupavit

252 1386 359 1448 quia
385 1385 492 1432 inde
518 1385 696 1449 Anglici
724 1388 880 1448 sepius
914 1390 1218 1448 erumpentes
1248 1384 1405 1431 villam
1431 1383 1489 1431 de
1523 1383 1662 1432 Guin-

253 1479 394 1526 gamp
419 1462 626 1526 graviter
649 1461 1089 1525 dampnificabant1.

317 1539 430 1589 294.
461 1567 525 1575 —
550 1542 650 1586 Rex
685 1542 890 1586 Navarre
924 1554 1031 1585 cum
1066 1555 1177 1602 rege
1215 1538 1407 1602 Angli&
1445 1538 1663 1586 confede-

251 1617 424 1673 ratus3‚
453 1615 643 1663 munitis
669 1615 764 1663 suis
788 1615 1069 1678 municipiis,
1095 1615 1170 1662 illa
1196 1620 1364 1678 captau
1390 1614 1581 1662 domino
1603 1616 1660 1663 de

251 1697 363 1750 Beu,
393 1696 530 1740 Petro
556 1693 614 1740 de
639 1692 965 1755 Saquainvilla‚
996 1692 1187 1739 domino
1213 1692 1409 1740 Johanni
1444 1692 1576 1740 Joelli
1608 1709 1661 1739 ac

250 1770 445 1818 Basconi
471 1769 530 1817 de
556 1769 745 1817 Marelio
773 1768 1079 1817 custodienda
1104 1768 1296 1816 tradidit
1320 1768 1400 1831 qui
1426 1769 1514 1816 hoc
1540 1786 1663 1816 anno

250 1846 497 1893 Normanie
527 1852 710 1909 partem
735 1863 827 1909 que
861 1846 959 1909 regi
985 1845 1233 1893 obediebat
1268 1845 1356 1892 hoc
1381 1846 1528 1892 anno4
1556 1845 1660 1908 plus

252 1938 392 1985 quam
409 1922 453 1969 in
474 1937 574 1970 xxx
593 1922 706 1969 locis
729 1922 1092 1986 dampnabiliter
1114 1927 1420 1969 vexaverunt.
1442 1921 1663 1971 Veniens-

251 2015 343 2061 que
387 1998 512 2045 idem
554 2014 640 2045 rex
677 2015 825 2062 usque
872 1998 1074 2046 Parisius
1114 1998 1260 2046 multa
1304 1998 1479 2062 oppida
1521 2014 1663 2061 super

251 2132 373 2169 l'abbe
395 2131 445 2168 du
465 2131 582 2174 Gard,
605 2131 752 2178 abbaye
782 2131 996 2168 d'hommes
1025 2131 1071 2167 de
1102 2131 1239 2168 l'ordre
1259 2131 1306 2168 de
1327 2131 1488 2167 Citeaux
1511 2142 1557 2167 au
1580 2131 1661 2167 dio-

251 2193 339 2228 cese
360 2190 580 2234 d'Amiens;
603 2195 724 2237 quant
745 2202 793 2226 au
812 2191 933 2227 maire
954 2189 1169 2238 d'Amiens,
1191 2201 1265 2238 que
1287 2191 1322 2227 la
1343 2191 1551 2236 Clzronz'que
1572 2202 1660 2226 nor—

251 2252 384 2287 mande
413 2260 569 2286 nomme
590 2249 746 2285 Fremin
766 2250 812 2286 de
833 2250 1033 2297 Coquerel,
1055 2255 1165 2286 notre
1193 2255 1332 2286 auteur
1352 2251 1496 2287 semble
1525 2251 1603 2286 etro
1627 2251 1660 2287 le

251 2310 333 2346 seul
349 2319 442 2346 avec
463 2314 564 2346 cette
584 2308 759 2344 derniere
775 2308 797 2344 a
811 2309 846 2344 le
862 2308 1110 2345 mentionner
1127 2308 1190 2354 (cf.
1210 2310 1419 2354 Clzrom'quc
1440 2310 1655 2350 normannie,

250 2380 285 2416 p.
309 2369 406 2409 138).

297 2429 329 2464 1.
353 2427 510 2474 Trogoff
527 2432 563 2462 et
585 2426 784 2463 Pestivien
804 2437 853 2462 ne
876 2426 1002 2462 furent
1026 2426 1105 2473 pris
1125 2438 1199 2474 que
1225 2427 1426 2474 beaucoup
1452 2426 1538 2473 plus
1561 2426 1658 2472 tanl,

247 2498 296 2524 en
318 2487 407 2523 1363
431 2486 483 2533 (S.
506 2486 624 2533 Luce,
646 2487 803 2522 Histoire
822 2487 863 2521 de
883 2487 938 2522 Du
959 2486 1138 2531 Guescttn,
1163 2498 1199 2533 p.
1224 2486 1318 2532 337).

294 2545 330 2582 2.
353 2545 426 2581 Ms.
448 2546 609 2590 Anylice.

295 2604 329 2640 3.
352 2604 405 2639 Le
436 2604 548 2639 traite
578 2603 624 2639 de
653 2603 812 2639 Charles
843 2603 875 2638 le
906 2603 1082 2640 Mauvais
1113 2613 1207 2640 avec
1234 2594 1412 2640 Edouard
1441 2603 1497 2639 HI
1524 2608 1582 2638 ost
1609 2603 1657 2638 du

253 2665 305 2699 κ’Γ
325 2664 414 2699 aout
437 2663 525 2699 1358
547 2663 609 2709 (οἳ.
633 2662 835 2708 Secousse,
857 2663 1013 2698 Histoire
1033 2664 1073 2698 dc
1095 2663 1244 2699 charles
1265 2667 1295 2700 lc
1315 2665 1496 2703 Mauvaz's,
1524 2675 1557 2709 p.
1575 2664 1655 2699 318,

253 2732 290 2757 n.
316 2722 349 2756 1.
371 2740 417 2747 -
438 2721 643 2767 Froissart‚
666 2720 724 2757 ed.
746 2721 864 2767 Luce,
885 2725 912 2756 t.
930 2721 980 2767 V,
1000 2732 1037 2767 p.
1059 2732 1187 2767 xxxw,
1210 2732 1247 2757 n.
1272 2722 1319 2766 52).

302 2780 336 2816 4.
361 2781 430 2816 Hoc
450 2791 550 2817 anno
571 2785 628 2817 est
649 2780 747 2817 ainsi
772 2781 900 2827 repete
922 2779 1017 2816 dans
1040 2780 1072 2816 le
1093 2791 1165 2816 ms.
