2060 3345
855 297 1109 329 APPENDICE.
1618 295 1686 332 ‘2¹13

282 378 369 420 bris
389 391 502 419 anno
522 375 688 419 Domini
711 373 762 417 Μο
776 373 1070 418 cco⁰xxxvn⁰.
1091 391 1113 413 »
1133 375 1213 424 Qui
1234 375 1428 430 magistri
1442 377 1482 416 et
1496 376 1689 418 consules

285 445 418 487 dictas
443 446 606 486 litteras
635 456 730 484 cum
756 455 914 498 magna
938 443 1181 484 reverencia
1206 446 1485 498 succeperunt
1504 446 1559 492 et,
1583 443 1689 485 deli-

283 513 504 556 beracione
536 524 661 566 super
690 510 749 551 eis
774 510 936 560 habita,
970 510 1276 565 responderunt
1301 510 1412 565 quod
1437 523 1572 566 grave
1597 515 1690 554 erat

282 582 342 623 eis
370 585 412 622 et
439 579 795 635 quamplurimum
827 578 1075 632 displicebat
1106 578 1307 620 dissensio
1335 592 1408 620 seu
1440 592 1618 635 guerra,
1656 580 1691 622 si

284 662 366 703 qua
399 651 506 690 esset
537 647 605 689 vel
633 646 816 687 oriretur
847 646 956 687 inter
993 645 1208 687 dominum
1242 646 1403 702 Regem
1437 647 1618 689 Francie
1649 651 1691 689 et

282 717 437 771 Regem
458 714 752 769 Anglicorum,
785 713 976 768 quodque
1004 713 1039 753 si
1068 713 1225 754 bonum
1256 714 1374 768 pacis
1399 715 1549 768 quovis
1568 715 1690 757 modo

281 784 547 838 interponere
579 783 790 836 poterant,
822 781 982 822 vellent
1007 779 1062 822 ad
1087 779 1128 821 id
1156 781 1255 822 totis
1280 781 1440 823 viribus
1469 782 1687 832 laborare;

281 850 482 892 dixerunt
502 850 674 904 insuper
699 848 808 903 quod
835 848 889 890 ad
911 848 1037 890 decus
1057 851 1099 889 et
1122 848 1355 903 profectum
1381 849 1539 891 domini
1560 851 1691 906 Regis

281 918 464 960 Francie
480 918 524 958 in
544 917 658 959 omni
677 930 776 958 casu
794 916 952 958 vellent
964 916 1145 957 multum
1158 916 1337 958 libenter
1351 917 1538 963 anelare,
1557 918 1692 973 quod-

282 999 362 1041 que
381 986 489 1041 Regi
509 985 664 1040 Anglie
684 983 871 1040 predicto
892 997 969 1026 nec
985 983 1198 1037 aliquibus
1218 984 1254 1026 ei
1274 984 1573 1027 adherentibus
1590 999 1692 1028 con-

282 1058 348 1096 tra
384 1054 598 1095 dominum
632 1053 792 1108 Regem
825 1052 1006 1094 Francie
1048 1052 1218 1093 minime
1253 1052 1403 1094 darent
1440 1053 1685 1108 presidium,

282 1121 503 1163 consilium
540 1120 610 1162 vel
642 1120 868 1176 juvamen,
911 1133 1007 1162 cum
1048 1120 1257 1162 veraciter
1294 1120 1499 1162 haberent
1533 1121 1691 1164 dictum

280 1189 494 1231 dominum
515 1189 673 1244 Regem
694 1189 874 1230 Francie
894 1191 934 1229 et
954 1201 1050 1229 suos
1068 1189 1110 1229 in
1134 1201 1236 1230 vero
1263 1191 1305 1229 et
1330 1188 1507 1230 cordiali
1528 1202 1686 1239 amore,

279 1260 480 1312 rogantes
497 1256 629 1298 dictos
650 1256 801 1298 milites
820 1259 868 1297 ut
886 1269 956 1297 eos
982 1255 1170 1311 predicto
1196 1255 1364 1298 domino
1390 1257 1498 1312 Regi
1525 1270 1690 1299 recom-

279 1324 532 1366 mandarent
552 1329 756 1379 tanquam
785 1338 854 1366 eos
878 1324 949 1379 qui
972 1324 1105 1365 eidem
1129 1324 1219 1365 sine
1248 1337 1323 1366 suo
1344 1337 1502 1379 magno
1529 1325 1692 1366 incom-

279 1392 399 1434 modo
438 1391 596 1433 vellent
630 1405 705 1447 per
743 1392 885 1433 omnia
921 1392 1202 1447 complacere,
1245 1393 1528 1447 regratiantes
1568 1393 1690 1435 dictis

278 1460 481 1501 militibus
501 1460 555 1502 ad
575 1461 776 1501 honorem
793 1460 949 1502 domini
970 1460 1100 1515 Regis
1120 1461 1154 1501 F
1156 1461 1301 1502 rancie
1328 1460 1437 1515 quod
1464 1461 1523 1502 eis
1546 1464 1689 1502 trans-

279 1528 452 1570 miserat
469 1528 633 1570 litteras
654 1529 713 1570 ita
743 1528 970 1583 gratiosas,
999 1531 1040 1569 et
1067 1528 1167 1570 dicti
1197 1527 1349 1569 milites
1376 1542 1430 1570 ex
1450 1532 1568 1583 parte
1589 1529 1689 1570 dicti

280 1595 459 1637 dominis
480 1596 611 1651 Regis
631 1596 812 1638 Francie
831 1596 891 1637 eis
910 1600 951 1637 et
968 1596 1055 1638 suis
1074 1594 1368 1637 deffensionem
1388 1600 1429 1638 et
1457 1596 1686 1638 subsidium

280 1664 401 1719 regni
426 1664 492 1706 sui
520 1664 764 1705 obtulerunt
793 1665 991 1718 quociens
1019 1665 1078 1705 eis
1107 1677 1212 1719 opus
1237 1667 1358 1705 esset.
1384 1663 1490 1706 Acta
1517 1664 1688 1706 suerunt

278 1731 355 1773 hec
383 1735 430 1773 ut
468 1744 621 1786 supra,
662 1732 926 1786 presentibus
958 1731 1109 1773 ibidem
1141 1731 1382 1774 Guillielmo
1413 1731 1462 1774 de
1497 1733 1683 1788 Reoeyo,

278 1800 465 1841 Johanni
484 1799 533 1841 de
558 1800 793 1841 Bronteriis
811 1803 852 1841 et
877 1799 1077 1855 Philippo
1106 1799 1155 1841 de
1182 1799 1466 1856 Lusedenges,
1497 1801 1687 1856 armige-

277 1868 351 1917 ris,
376 1871 416 1909 et
434 1867 628 1922 pluribus
648 1867 741 1909 aliis
765 1868 939 1909 testibus
959 1867 1012 1909 ad
1032 1868 1250 1922 premissa.

334 1936 389 1977 Et
420 1948 498 1991 ego
526 1935 728 1978 Nicolaus
754 1935 927 1990 Nic...y
950 1936 999 1977 de
1020 1936 1219 1985 Consleto,
1244 1935 1421 1978 clericus
1447 1935 1686 1978 Cathalau-

278 2003 439 2051 nensis,
475 2003 729 2044 auctoritate
759 2003 968 2058 imperiali
1001 2004 1192 2046 notarius
1217 2004 1411 2059 publicus
1437 2007 1477 2045 et
1495 2004 1681 2059 juratus,

277 2071 377 2125 quia
399 2071 441 2111 in
462 2071 675 2126 premissis
694 2071 887 2113 omnibus
903 2075 943 2113 et
958 2072 1138 2127 singulis
1152 2076 1276 2127 prout
1295 2085 1423 2127 supra
1442 2072 1686 2114 scribuntur

277 2151 448 2193 presens
468 2138 653 2188 interfui,
676 2139 754 2180 hoc
771 2152 943 2194 presens
964 2140 1179 2194 publicum
1206 2140 1534 2182 instrumentum
1554 2154 1684 2182 manu

277 2220 368 2249 mea
389 2207 539 2262 scripsi
558 2210 599 2248 et
612 2206 828 2263 publicavi
842 2208 1047 2263 signoque
1061 2220 1152 2250 meo
1167 2208 1289 2250 solito
1303 2209 1473 2264 signavi
1488 2212 1679 2265 rogatus.

951 2384 1010 2426 V.

1106 2497 1165 2539 20
1182 2499 1409 2540 novembre
1432 2498 1560 2541 1337.

275 2610 585 2652 Mandement
614 2599 897 2652 d’Edouar‘d
927 2610 1012 2652 III
1040 2609 1069 2652 ὰ
1094 2623 1166 2653 ses
1192 2612 1488 2660 conseillers‚
1514 2613 1681 2666 parmi

335 2679 532 2731 lesquels
552 2679 705 2720 Adam
731 2679 788 2720 de
816 2679 1094 2726 Murimutla,
1125 2680 1420 2721 d‘mvaneiner
1445 2693 1556 2722 avec
1579 2681 1681 2722 soin

336 2758 406 2788 ses
426 2744 692 2800 differends
712 2759 824 2788 aveo
844 2747 886 2788 Ze
905 2747 978 2788 roi
997 2747 1054 2788 de
1075 2747 1257 2790 Franco,
1276 2751 1320 2789 ct
1341 2749 1397 2789 cle
1413 2748 1482 2789 lui
1499 2748 1681 2791 donner
