2060 3345
341 326 404 362 121
572 330 776 362 RICIIARDI
805 327 929 360 SCOTl
959 327 1164 359 CHRONICI
1193 327 1497 360 CONTINUATIO.
1621 324 1724 370 [1358

334 410 484 466 davit,
523 409 723 456 vindicta
758 413 911 453 tamen
950 406 1212 454 cordialiter
1245 412 1481 454 reservata
1515 411 1727 469 tempore

335 486 481 549 magis
501 491 626 547 apto,
652 487 776 530 Tunc
796 483 892 529 dux
916 483 1252 545 Compendium
1270 482 1482 539 tendens,
1507 482 1728 530 militibus

335 563 429 609 suis
463 566 626 608 cuncta
655 576 745 621 que
772 575 1024 622 perpessus
1056 559 1206 606 fuerat
1238 559 1437 606 Parisius
1468 558 1730 605 luculentis-

335 639 448 685 sime
468 636 692 691 recitavit,
723 635 800 697 qui
828 651 990 682 omnes
1016 635 1346 682 consuluerunt
1372 640 1423 682 ut
1447 634 1602 680 villam
1628 650 1730 680 mo-

334 714 404 760 dis
429 712 644 758 omnibus
669 710 982 774 impugnaret,
1012 711 1137 774 quod
1168 711 1358 758 audiens
1392 710 1659 773 prepositus
1685 715 1731 756 et

333 790 401 835 sui
439 787 686 850 complices
729 787 1086 835 Universitatem
1123 787 1428 833 parisiensem
1467 791 1516 833 ut
1557 785 1730 832 media-

333 867 494 912 tricem
518 863 643 926 pacis
666 863 723 910 ad
745 879 850 910 eum
872 863 1142 910 direxerunt
1166 879 1274 925 que,
1304 879 1474 926 rogans
1497 862 1583 925 [ut]
1615 861 1731 909 mul-

332 941 513 988 titudini
526 945 755 1003 parceret,
774 939 889 986 iram
904 939 1002 1003 ejus
1020 938 1271 1002 mitigaret,
1290 939 1390 994 sed,
1407 938 1511 1000 quia
1528 938 1730 1000 quinque

333 1018 404 1064 vel
435 1033 515 1063 sex
541 1016 600 1063 de
627 1015 933 1079 complicibus
960 1015 1215 1078 perpetrati
1243 1015 1429 1062 sceleris
1456 1015 1732 1077 punirentur

333 1093 427 1140 dux
466 1092 621 1156 petiit,
657 1092 744 1138 hoc
775 1091 1041 1155 prepositus
1078 1097 1389 1138 mercatorum
1423 1096 1470 1137 et
1505 1090 1572 1137 sui
1606 1106 1733 1137 com-

333 1170 490 1233 plices,
515 1169 601 1216 sibi
622 1168 854 1223 timentes,
879 1168 1027 1215 facere
1054 1173 1330 1224 renuerunt,
1354 1166 1657 1213 decernentes
1682 1172 1734 1213 ut

333 1245 565 1292 civitatem
599 1244 833 1291 munirent
864 1260 949 1307 per
977 1243 1204 1290 ambitum
1241 1242 1616 1305 profundissimis
1642 1242 1733 1289 fos-

334 1321 444 1368 satis
491 1327 541 1367 ut
585 1321 650 1368 sic
692 1337 795 1367 eam
844 1319 1164 1367 deffenderent
1211 1325 1370 1366 contra
1415 1335 1733 1382 quoscumque

341 1399 567 1445 viventes.

399 1474 511 1521 273.
538 1502 601 1510 -
626 1473 833 1529 Interim,
866 1473 976 1520 dum
997 1472 1083 1520 hec
1103 1477 1320 1537 aguntur,
1346 1472 1457 1519 dum
1485 1472 1529 1518 in
1550 1472 1734 1519 Ambia-

335 1549 467 1597 nensi
490 1549 673 1596 civitate
694 1548 767 1595 alii
794 1548 899 1595 duci
926 1548 999 1594 alii
1026 1547 1125 1611 regi
1151 1551 1354 1594 Navarre
1379 1548 1603 1604 faverent,
1633 1553 1735 1593 orta

335 1633 405 1673 est
439 1625 646 1672 mortalis
681 1624 912 1672 discordia
949 1624 1070 1670 inter
1099 1623 1299 1688 majores
1332 1630 1378 1670 et
1409 1624 1613 1671 minores
1644 1640 1734 1686 que

338 1703 518 1750 occasio
538 1702 690 1748 extitit
710 1700 1043 1748 interfectionis
1063 1700 1333 1748 multorum.

400 1779 513 1827 274.
536 1807 599 1814 —
617 1780 974 1840 Campanenses,
995 1776 1155 1823 habito
1178 1793 1264 1839 pro
1291 1776 1508 1824 subsidiis
1527 1776 1735 1824 levandis

336 1855 545 1910 consilio,
576 1855 764 1901 domino
791 1853 896 1900 duci
923 1853 1192 1900 obtulerunt
1224 1859 1273 1900 ut
1302 1853 1558 1917 burgenses
1585 1852 1641 1899 de
1673 1868 1735 1900 LX

337 1932 383 1978 in
409 1931 624 1978 habitatis
657 1929 893 1993 hospiciis,
925 1929 1123 1976 ruricole
1149 1946 1263 1976 vero
1289 1929 1346 1976 de
1380 1936 1562 1976 centum
1591 1945 1734 1976 unum

337 2009 488 2055 virum
510 2008 830 2054 continuarent
850 2011 1098 2059 armatum,
1128 2006 1215 2052 viri
1243 2022 1355 2052 vero
1376 2005 1669 2053 ecclesiastici
1691 2011 1736 2052 et

339 2083 516 2130 nobiles
547 2089 732 2129 centum
768 2081 966 2129 solidos1
999 2082 1232 2128 solverent
1259 2081 1317 2127 de
1346 2086 1532 2128 centum
1558 2081 1736 2128 libratis

339 2165 462 2206 terre
490 2175 579 2221 que
605 2159 791 2205 collecta
817 2158 922 2205 duci
950 2158 1121 2221 placuit
1142 2164 1186 2204 et
1207 2157 1480 2204 auctoritate
1507 2157 1606 2220 ejus
1626 2173 1737 2204 con-

341 2235 519 2282 clusum
554 2237 652 2282 est2
690 2241 740 2282 ut
775 2234 914 2282 ceteri
949 2234 1183 2298 regnicole
1224 2233 1428 2281 facerent
1466 2239 1517 2281 ut
1545 2235 1737 2296 Campa—

342 2328 527 2358 nenses.

407 2391 518 2437 275.
544 2415 606 2423 -
630 2387 851 2434 Dominus
878 2390 1031 2434 James
1057 2385 1115 2432 de
1141 2386 1277 2449 Pipes
1307 2402 1412 2433 cum
1443 2386 1538 2433 suis
1566 2389 1737 2432 Navar-

342 2464 555 2512 rensibus
581 2464 638 2511 de
661 2462 912 2526 municipio
936 2461 1227 2526 d'Espernon
1253 2462 1411 2510 exiens
1437 2468 1483 2510 et
1507 2479 1653 2525 usque
1679 2462 1736 2509 ad

392 2611 422 2645 l.
450 2609 519 2643 Ms.
541 2609 694 2643 soludos.

390 2668 424 2703 Q.
447 2667 520 2702 Les
542 2665 695 2702 chiffres
714 2664 860 2701 donnes
880 2676 947 2711 par
962 2670 1069 2701 notre
1091 2669 1228 2701 auteur
1241 2675 1336 2711 pour
1350 2664 1403 2700 les
1422 2663 1592 2700 subsides
1613 2675 1738 2701 accor-

345 2726 410 2762 des
431 2726 453 2760 {1
473 2725 636 2761 Provins
658 2735 705 2760 ne
727 2723 957 2760 concordent
978 2735 1045 2770 pas
1065 2728 1306 2760 exactement
1327 2734 1419 2758 avec
1445 2733 1541 2758 ceux
1565 2723 1630 2770 qui
1652 2728 1739 2759 sont

346 2783 592 2820 mentionnes
612 2794 678 2830 par
698 2783 754 2818 les
777 2783 935 2819 Grandes
957 2783 1179 2828 Chroniques
1200 2784 1240 2827 (t.
1264 2781 1331 2827 VI,
1351 2793 1387 2828 p.
1411 2781 1504 2828 106).
