2060 3345
212 311 315 357 1330]
579 314 783 347 RICHARDI
812 314 937 347 SGOTI
966 314 1231 346 CHRONICON.
1567 312 1607 346 19

209 395 411 442 ricarum
436 394 561 459 regis
579 393 717 450 filius,
745 393 819 439 vir
848 410 1017 457 genere
1037 393 1222 452 nobilis,
1251 398 1410 457 utpote
1437 410 1610 457 cogna-

209 478 284 519 tus
324 487 574 535 germanus
614 471 736 534 regis
776 474 1058 518 Francorum
1099 470 1296 534 Philippi
1334 471 1514 518 Pulchri
1552 487 1610 518 ex

209 554 341 610 parte
378 547 556 602 matris,
596 562 701 593 cum
738 545 1023 592 habundanti
1051 546 1277 609 gauderet
1306 546 1606 609 patrimonio,

210 625 523 686 beneficiaque
550 623 855 670 ecelesiastica
875 622 1009 686 plura
1027 629 1073 670 et
1094 623 1281 687 pinguia
1302 623 1421 670 ultra
1447 639 1610 670 omnes

209 700 400 748 clericos
421 700 465 746 in
492 715 638 762 regno
662 698 852 745 Francie
873 697 1120 754 obtineret,
1146 699 1362 747 omnibus
1388 699 1608 755 dimissis,

209 793 295 839 per
337 775 588 831 mundum,
636 782 687 822 ut
729 791 926 838 pauper,
970 775 1288 839 progreditur,
1338 777 1613 824 elemosinas

210 859 374 916 petens
409 853 454 898 in
489 852 647 899 habitu
678 852 1014 916 Begardorum‚
1054 868 1138 899 nec
1169 870 1195 899 a
1227 869 1464 916 quoquam
1495 853 1613 900 acci-

209 946 321 993 pere
356 929 468 992 quid
493 929 679 976 volebat
709 929 855 976 eciam
884 946 910 975 a
938 928 1082 975 fratre
1112 929 1184 976 vel
1214 945 1377 976 sorore
1409 929 1495 977 nisi
1526 929 1611 976 sibi

209 1007 392 1070 pietatis
418 1007 583 1054 intuitu
609 1012 687 1053 aut
713 1006 963 1054 elemosine
989 1005 1123 1053 titulo
1150 1005 1415 1070 largiretur.

276 1095 326 1142 44
345 1133 354 1142 .
376 1123 438 1132 --
457 1098 508 1142 In
525 1094 820 1151 Lombardia,
844 1094 1055 1141 homines
1072 1094 1318 1142 cardinalis
1340 1095 1398 1142 de
1413 1095 1609 1160 Pogeto¹

211 1189 267 1219 ex
295 1178 426 1235 parte
450 1171 625 1219 domini
650 1188 771 1234 pape
792 1170 966 1218 ibidem
986 1171 1142 1235 legati,
1167 1177 1328 1218 contra
1348 1171 1615 1219 Guibelinos

210 1265 368 1296 mense
401 1249 535 1297 Junio
572 1248 939 1312 congrediuntur
964 1248 1022 1295 ad
1058 1248 1230 1296 bellum
1264 1254 1310 1296 et
1344 1249 1611 1304 vincuntur,

210 1326 420 1389 pluribus
440 1342 604 1373 eorum
623 1325 804 1382 occisis,
829 1325 1111 1388 quibusdam
1134 1326 1272 1373 etiam
1298 1325 1418 1372 vivis
1446 1325 1610 1388 captis.

276 1415 407 1464 [ἕξ-ἀ,
436 1443 500 1451 -
528 1415 658 1463 Circa
687 1414 893 1461 medium
927 1414 1098 1461 mensis
1119 1414 1252 1478 junii,
1279 1431 1336 1461 ex
1355 1430 1502 1461 uxore
1533 1430 1614 1461 sua

210 1506 371 1537 sorore
391 1490 522 1538 ducis
541 1490 824 1554 Burgundie,
849 1490 1053 1537 nascitur
1073 1490 1172 1554 regi
1190 1489 1379 1537 Francie
1399 1490 1520 1537 filius
1541 1490 1613 1537 cui

212 1585 383 1615 nomen
410 1568 666 1632 imponitur
690 1567 970 1615 Ludovious.
1001 1567 1069 1615 Ob
1102 1568 1207 1623 hoc,
1239 1574 1289 1614 ut
1314 1567 1500 1624 dieitur,
1531 1584 1613 1614 rex

209 1645 399 1693 Franeie
419 1645 478 1692 ad
500 1651 710 1692 sanctum
731 1643 1018 1691 Ludovicum
1040 1643 1098 1690 de
1117 1644 1314 1691 Massilia
1334 1643 1614 1691 avunculum

210 1737 346 1769 suum
366 1738 422 1768 ex
444 1727 577 1784 parte
606 1720 770 1768 matris
802 1737 999 1784 peregre
1030 1720 1267 1783 profectus
1292 1727 1379 1767 est.
1411 1720 1501 1767 Sed
1526 1721 1615 1767 hoe

210 1799 534 1855 nonobstante,
559 1814 693 1861 puer,
718 1797 1059 1860 quintadecima
1085 1796 1159 1843 die
1182 1796 1240 1843 ab
1267 1803 1374 1844 ortu
1402 1813 1487 1844 suo
1513 1813 1614 1844 mo-

207 1875 328 1922 ritur
344 1881 390 1922 et
407 1875 452 1922 in
473 1875 664 1922 ecelesia
681 1874 878 1921 fratrum
900 1874 1134 1921 minorum
1155 1874 1356 1921 Parisius
1371 1874 1610 1937 sepelitur.

208 1954 307 1999 Rex
324 1969 456 2008 vero,
479 1952 538 2000 de
563 1951 758 2000 Massilia
774 1957 1033 2008 revertens,
1056 1951 1298 1999 dominum
1319 1968 1489 2015 papam
1508 1953 1616 2000 Avi-

208 2029 344 2076 nione
381 2016 587 2077 'visitavit
615 2028 851 2076 humiliter
887 2035 932 2075 et
973 2028 1161 2076 devote.
1207 2029 1309 2086 Qui,
1349 2029 1407 2077 ab
1449 2029 1615 2076 eodem

209 2105 462 2152 honorifice
488 2111 722 2168 receptus,
757 2110 945 2167 sumpto
971 2121 1128 2152 secum
1157 2105 1390 2161 convivio,
1421 2105 1478 2152 ad
1508 2122 1617 2169 pro-

210 2182 312 2244 pria
337 2182 582 2229 remeavit.

274 2269 354 2317 43.
384 2297 447 2305 —
472 2268 708 2316 Dominica
732 2267 933 2316 secunda
962 2267 1135 2316 mensis
1162 2269 1389 2333 augusti2‚
1422 2286 1616 2332 prooes-

209 2362 287 2393 sus
314 2346 419 2394 faeti
442 2352 603 2394 eontra
619 2349 849 2393 Bavarum
870 2353 916 2392 et
939 2345 1206 2410 antipapam
1232 2351 1278 2393 et
1304 2362 1469 2394 eorum
1492 2362 1618 2393 oom-

208 2423 349 2486 plices
368 2429 501 2470 antea
529 2423 794 2470 nominatos
826 2421 1028 2469 Parisius
1054 2423 1329 2470 auctoritate
1364 2423 1616 2486 apostolica

210 2505 506 2563 repetuntur.

262 2647 293 2681 l.
319 2646 507 2682 Bertrand
539 2646 589 2682 du
622 2646 777 2693 Poujet‚
819 2646 963 2693 aveque
996 2646 1138 2683 d’Ostie
1168 2657 1217 2682 en
1248 2647 1337 2683 1327
1366 2647 1427 2686 (of.
1461 2647 1617 2692 Baluze,

221 2706 303 2741 Vitae
320 2717 406 2751 pap.
430 2707 618 2749 Avmion„
641 2706 672 2752 Ι,
696 2706 767 2741 col.
791 2706 884 2751 725).

262 2765 295 2801 Q,
320 2765 372 2800 Le
395 2765 437 2800 12
459 2766 561 2801 aout.
