2060 3345
358 334 421 370 108
590 337 794 369 RICHARDI
825 335 951 368 SCOTI
978 336 1185 369 CHRONICI
1213 336 1520 369 CONTINUATIO.
1645 335 1749 382 [1356

353 416 514 480 capitis
541 415 729 472 turbati,
760 414 971 462 homines
997 431 1125 462 arma
1152 422 1448 479 sumpserant
1474 416 1571 464 sine
1592 433 1746 474 causa,

352 509 539 540 cursum
566 497 749 538 monete
781 508 863 538 sue
900 491 1084 553 penitus
1110 492 1328 539 anullavit
1352 499 1398 538 et
1424 493 1749 556 congregatio-

353 586 459 616 nem
480 568 619 615 trium
646 572 848 614 statuum
882 568 1156 630 acceptavit,
1191 568 1469 630 promittens
1496 568 1621 631 quod
1649 568 1750 615 illos

351 661 467 707 quos
504 662 529 690 a
564 643 690 691 curia
725 643 868 707 regali
909 644 1076 707 expelli
1119 650 1430 707 poposcerant
1472 644 1749 691 incarcerari

351 721 519 767 faceret
543 725 587 766 et
612 719 925 766 inventorium
952 720 1085 767 fieret
1111 720 1168 767 de
1196 721 1329 768 bonis
1356 721 1450 768 suis
1477 720 1744 776 mobilibus,

347 798 458 843 fisco
494 795 638 859 regio,
676 795 713 842 si
748 795 1045 851 meruissent,
1084 796 1388 859 applicandis.
1430 799 1553 843 Inter
1589 813 1669 843 eos
1701 802 1751 844 ut

348 873 456 919 alias
482 872 703 935 precipue
729 872 1031 919 nominabant
1050 875 1299 935 Symonem
1319 873 1377 920 de
1398 872 1611 929 Buciaco,
1642 889 1751 935 pre-

347 949 574 995 sidentem
597 948 643 994 in
665 948 954 1011 parlamento
975 949 1121 1012 regio,
1149 949 1391 996 dominum
1410 950 1671 996 Robertum
1689 949 1746 996 de

346 1025 579 1080 Lorriaco,
606 1024 730 1088 regis
751 1024 939 1072 Francie
966 1025 1321 1081 cambellanum,
1344 1025 1613 1072 Nicholaum
1634 1028 1743 1072 Bra-

346 1118 453 1164 que,
484 1101 693 1157 militem,
718 1101 993 1165 magistrum
1018 1101 1212 1164 hospicii
1239 1101 1381 1165 regis,
1412 1105 1748 1165 Inguerranum

346 1177 402 1224 de
428 1180 576 1224 Parvo
603 1177 812 1233 Cellario,
843 1177 1126 1241 burgensem
1152 1177 1476 1234 parisiensem,
1506 1178 1746 1225 thesaura-

347 1253 466 1300 rium
495 1253 702 1308 Francie‚
732 1253 988 1301 Johannem
1015 1253 1314 1317 Poylevilain,
1345 1254 1621 1317 magistrum
1647 1270 1747 1301 mo-

346 1336 581 1385 netarum,
625 1330 880 1378 Johannem
921 1330 1151 1377 Chauviau
1193 1346 1468 1393 guerrarum
1509 1331 1747 1378 thesaura-

344 1406 483 1462 rium,
510 1406 752 1453 dominum
770 1407 907 1453 etiam
926 1409 1113 1453 Petrum
1131 1406 1188 1453 de
1210 1410 1403 1454 Foresta
1424 1407 1745 1454 cancellarium

346 1481 552 1538 Francic,
578 1481 819 1529 dominum
839 1485 1027 1528 Petrum
1047 1481 1369 1545 d’Orgemont,
1394 1482 1436 1528 in
1456 1482 1746 1528 Parlamento

346 1558 664 1621 presidentem
696 1564 741 1605 et
772 1558 1018 1605 nonnullos
1046 1557 1159 1605 alios
1193 1558 1407 1605 curiales.
1441 1561 1559 1605 Istos
1584 1574 1747 1604 omnes

349 1633 644 1689 nominatim,
681 1650 786 1681 cum
824 1638 920 1681 tres
956 1639 1103 1681 status
1135 1634 1312 1680 evocati
1349 1650 1495 1696 usque
1530 1633 1587 1680 ad
1621 1633 1744 1680 diem

343 1710 530 1757 tertiam
560 1709 718 1756 marcii
746 1726 888 1772 super
913 1711 1035 1757 facto
1062 1710 1379 1757 subsidiorum
1405 1710 1592 1756 consilia
1628 1710 1745 1757 cele-

343 1785 582 1838 brassent,
625 1786 671 1832 in
709 1786 940 1849 presentia
978 1786 1089 1833 dicti
1126 1786 1258 1833 ducis
1296 1803 1349 1832 ac
1388 1786 1583 1833 fratrum
1623 1786 1739 1849 ejus,

343 1862 559 1910 dominus
575 1863 808 1910 Robertus
830 1863 960 1919 Galli,
989 1862 1238 1925 episcopus
1254 1862 1589 1919 Laudunensis‚
1611 1879 1744 1909 accu-

344 1939 460 1986 savit
486 1938 687 2002 publice,
718 1939 876 1986 dicens
896 1938 1022 2001 quod
1049 1945 1261 2001 tempore
1288 1944 1521 1986 retroacto
1547 1955 1744 2003 regnum

343 2015 543 2077 pessime
568 2021 810 2078 ,rexerant
860 2015 1042 2078 plebem
1087 2032 1273 2077 quoque
1319 2022 1603 2062 vexaverant
1648 2021 1743 2062 tam

343 2091 595 2138 mutatione
631 2091 946 2138 monetarum¹
961 2128 1055 2138 .....
1093 2092 1291 2153 ideoque
1324 2098 1455 2138 erant
1490 2091 1548 2138 ab
1580 2091 1743 2138 officiis

343 2167 437 2214 suis
458 2167 624 2214 merito
643 2167 923 2230 deponendi,
947 2184 1143 2230 poscens
1161 2167 1353 2214 ulterius
1371 2174 1421 2214 ut
1438 2173 1621 2215 moneta
1639 2184 1743 2216 cur·-

342 2250 466 2291 reret
491 2244 675 2306 qualem
700 2250 795 2290 tres
821 2250 968 2291 status
993 2244 1122 2290 electi
1148 2243 1436 2290 ordinarent.
1464 2247 1606 2300 Tunc,
1634 2260 1742 2290 con-

344 2337 482 2368 sensu
518 2320 757 2376 nobilium,
804 2320 1020 2367 dominus
1057 2321 1288 2369 Johannes
1327 2321 1384 2368 de
1425 2320 1737 2384 Piquigniaco,

344 2397 490 2453 miles,
511 2396 782 2443 auctoritate
800 2397 1040 2444 civitatum
1067 2398 1215 2461 regni,
1237 2397 1480 2443 Nicholaus
1504 2397 1544 2442 le
1571 2397 1742 2444 Chaus-

344 2479 514 2529 seteur,
535 2472 807 2527 advocatus,
825 2478 869 2518 et
893 2472 1159 2535 prepositus
1178 2478 1508 2527 mercatorum,
1531 2489 1588 2518 ex
1609 2479 1742 2534 parte

344 2549 513 2596 civium
524 2548 869 2604 parisiensium,
889 2549 1078 2595 domino
1097 2548 1202 2596 duci
1219 2548 1490 2595 obtulerunt
1503 2563 1603 2596 xxx
1619 2548 1741 2596 milia

344 2627 583 2673 hominum
609 2632 893 2673 armatorum
921 2626 977 2672 ad
999 2642 1201 2689 quorum
1222 2625 1359 2673 etiam
1386 2625 1614 2689 stipendia
1636 2643 1742 2689 per-

393 2754 424 2788 1.
450 2753 500 2789 Le
521 2758 600 2789 mot
627 2757 703 2789 tam
723 2753 837 2800 qu’on
853 2753 955 2789 vient
969 2753 1014 2790 de
1030 2754 1100 2790 lire
1120 2764 1262 2800 prouve
1280 2753 1370 2801 qu'il
1385 2753 1463 2790 doit
1483 2764 1670 2801 manquer
1690 2754 1741 2790 ici

349 2823 399 2847 un
420 2811 590 2848 membre
610 2811 655 2847 de
674 2812 812 2858 phrase
833 2818 1103 2859 commencant
1122 2823 1189 2860 par
1208 2823 1333 2858 quam.
