2060 3345
413 607 662 654 GERARDI
696 605 769 651 DE
804 603 1100 651 FRACHETO
1136 603 1401 650 CHRONICI

291 764 423 795 PRIMA
450 761 741 795 CONTINUATIO
769 761 811 791 IN
838 759 1118 792 MONASTERIO
1147 758 1297 790 SANCTI
1325 757 1521 789 DYONISII

802 830 1009 862 REDACTA.

740 965 780 1010 M
799 964 865 1011 GC
883 964 1074 1011 LXVIII.

271 1108 335 1154 0¹.
359 1134 422 1142 —
441 1108 613 1163 Quarto
634 1104 845 1168 ejusdem
866 1102 1114 1151 Clementis
1136 1119 1255 1165 pape
1277 1118 1415 1157 anno,
1436 1101 1607 1148 scilicet

204 1200 325 1231 anno
345 1182 523 1230 Domini
550 1196 585 1229 M
603 1181 678 1230 CC⁰
693 1180 872 1237 va1110,
897 1179 1177 1228 Corradinus
1206 1195 1352 1242 nepos
1375 1177 1605 1225 Frederici

204 1260 315 1307 olim
345 1258 665 1323 imperatoris,
710 1274 895 1305 morum
937 1262 1122 1320 patrum
1158 1271 1356 1318 sequens
1392 1254 1603 1318 vestigia,

204 1336 548 1401 parvipendens
563 1334 737 1383 domini
754 1351 873 1398 pape
885 1333 1428 1388 excommunicationem,
1444 1336 1607 1378 contra

204 1413 454 1462 Ecclesiam
486 1419 532 1460 et
563 1419 723 1460 contra
755 1412 996 1459 dominum
1028 1411 1266 1466 Karolum,
1303 1415 1413 1456 tunc
1446 1425 1607 1472 regem

204 1490 371 1547 Sicilie,
386 1489 648 1553 insurgens,
662 1504 767 1535 cum
779 1487 1070 1534 Theutonicis
1081 1503 1199 1550 quos
1210 1486 1427 1539 habebat,
1444 1500 1608 1547 quam-

204 1566 415 1630 plurimis
442 1564 718 1613 Lumbardis
751 1570 795 1611 et
826 1563 983 1610 Tuscis
1016 1563 1100 1610 sibi
1129 1562 1358 1626 adjunctis
1394 1560 1607 1623 pervenit

203 1659 350 1706 usque
386 1645 580 1689 Romam
613 1641 689 1688 ubi
727 1657 834 1688 cum
871 1639 1097 1703 imperiali
1129 1655 1259 1686 more
1290 1637 1608 1700 sollempniter

202 1725 420 1783 receptus
441 1718 618 1774 fuisset,
643 1716 859 1781 adjuncto
880 1717 964 1764 sibi
989 1721 1202 1763 senatore
1226 1714 1355 1762 urbis
1376 1721 1419 1760 et
1444 1729 1607 1776 quam-

204 1795 413 1859 plurimis
436 1794 672 1850 Romanis,
698 1809 858 1857 regem
881 1793 1102 1840 Karolum
1126 1792 1457 1845 debellaturus,
1484 1792 1609 1852 Apu»

202 1872 309 1919 liam
350 1871 558 1927 intravit,
614 1870 695 1918 sed
741 1876 848 1934 post
889 1869 1059 1917 durum
1107 1875 1367 1932 campestre
1413 1866 1602 1914 bellum.

203 1948 460 1996 Corrardus
478 1948 579 2012 (sic)
603 1953 647 1994 et
665 1947 855 2010 quidam
873 1946 968 1994 dux
987 1945 1170 1993 Austrie
1186 1951 1232 1992 et
1257 1944 1387 1992 multi
1412 1942 1608 1991 comites

203 2033 248 2072 et
275 2025 450 2072 nobiles
476 2025 520 2070 in
548 2024 654 2087 fuga
679 2023 801 2087 capti
828 2040 914 2086 per
938 2039 1099 2086 regem
1132 2022 1354 2070 Karolum
1382 2037 1471 2068 una
1501 2035 1607 2066 cum

202 2101 523 2165 proditoribus
565 2100 710 2163 ipsius
754 2100 878 2162 regis
916 2099 1220 2155 decollantur,
1259 2114 1380 2144 anno
1425 2096 1606 2144 Domini

202 2194 236 2226 M
256 2192 312 2227 cc
329 2192 490 2233 valn,
520 2177 565 2223 in
587 2178 677 2223 fine
704 2176 904 2240 augusti.

267 2256 312 2303 d.
335 2283 399 2291 —
416 2255 497 2302 Hic
518 2254 727 2303 Clemens
749 2252 1060 2300 canonizavit2
1082 2268 1189 2300 cum
1213 2267 1379 2314 magna
1404 2249 1608 2312 solemp—

252 2397 285 2432 1.
309 2396 415 2432 Nous
437 2406 557 2431 avons
577 2405 643 2430 cru
658 2394 789 2431 devoir
806 2393 1027 2440 reproduirc
1043 2393 1091 2429 ici
1113 2393 1147 2428 la
1161 2392 1325 2427 division
1346 2402 1394 2426 en
1414 2389 1608 2436 cliapitrcs

204 2462 241 2491 et
269 2466 317 2490 en
347 2454 605 2501 paragraphes
632 2464 705 2500 que
733 2464 831 2488 nous
859 2463 980 2488 avons
1007 2451 1092 2498 dejit
1118 2452 1276 2487 trouvee
1303 2462 1398 2497 pour
1428 2450 1464 2484 la
1485 2449 1609 2483 Chro-

205 2513 321 2559 nique
347 2512 392 2547 de
420 2512 590 2548 Richard
620 2512 758 2547 Leseot
783 2517 820 2546 et
850 2511 936 2557 qui,
964 2510 1059 2546 dans
1086 2510 1120 2545 le
1150 2521 1221 2545 ms.
1254 2510 1318 2545 lat.
1348 2508 1470 2553 50050,
1499 2520 1520 2543 u
1547 2509 1605 2543 cte

205 2570 368 2606 etendue
389 2570 411 2605 ἐι
432 2575 536 2606 toute
558 2570 717 2605 l'oeuvrc
738 2569 783 2605 de
810 2568 957 2605 Gerard
979 2568 1023 2604 (lc
1050 2568 1215 2605 Frachet
1243 2573 1279 2604 et
1303 2579 1379 2603 aux
1401 2566 1607 2603 continua-

206 2636 309 2666 teurs
336 2630 660 2677 jusqu'iil⁷an1]ce
691 2630 793 2666 1344.
822 2630 875 2664 La
897 2629 1016 2675 partio
1046 2639 1118 2675 quc
1150 2639 1246 2665 nous
1277 2627 1453 2674 publions
1483 2626 1527 2661 ici
1552 2632 1607 2660 ost,

205 2689 392 2735 comprise
412 2689 507 2725 dans
537 2700 578 2726 ce
598 2688 815 2724 manuscrit
842 2694 950 2724 entre
978 2688 1010 2722 le
1039 2688 1212 2734 cliapitre
1240 2699 1349 2722 cxviii
1364 2699 1380 2721 <s
1401 2693 1437 2721 et
1468 2686 1498 2719 le
1521 2685 1607 2719 ‹nlm—

206 2748 303 2794 pitrc
325 2759 447 2783 cxxvn
462 2760 493 2784 c.

252 2808 286 2843 2.
310 2808 391 2844 Lat.
418 2807 537 2855 5005c,
560 2810 770 2843 canonizat.
