<?xml version="1.0" encoding="UTF-8"?>
<!DOCTYPE html PUBLIC "-//W3C//DTD XHTML 1.0 Transitional//EN"
    "http://www.w3.org/TR/xhtml1/DTD/xhtml1-transitional.dtd">
<html xmlns="http://www.w3.org/1999/xhtml" xml:lang="en" lang="en">
 <head>
  <title>
</title>
<meta http-equiv="Content-Type" content="text/html;charset=utf-8" />
  <meta name='ocr-system' content='tesseract 3.04.00' />
  <meta name='ocr-capabilities' content='ocr_page ocr_carea ocr_par ocr_line ocrx_word'/>
</head>
<body>
  <div class='ocr_page' id='page_1' title='image "./chroniquedericha00lescuoft_0113.png"; bbox 0 0 2060 3345; ppageno 0'>
   <div class='ocr_carea' id='block_1_1' title="bbox 239 294 1635 339">
    <p class='ocr_par' dir='ltr' id='par_1_1' title="bbox 239 294 1635 339">
     <span class='ocr_line' id='line_1_1' title="bbox 239 294 1635 339; baseline 0.002 -10"><span class='ocrx_word' id='word_1_1' title='bbox 239 294 342 339; x_wconf 80' lang='grc'><strong>1336]</strong></span> <span class='ocrx_word' id='word_1_2' title='bbox 609 295 816 328; x_wconf 78' lang='lat' dir='ltr'>RICHARDI</span> <span class='ocrx_word' id='word_1_3' title='bbox 845 296 969 328; x_wconf 89' lang='lat' dir='ltr'><strong>SCOTI</strong></span> <span class='ocrx_word' id='word_1_4' title='bbox 1000 295 1266 329; x_wconf 87' lang='lat' dir='ltr'>CIIRONICON.</span> <span class='ocrx_word' id='word_1_5' title='bbox 1596 297 1635 332; x_wconf 81' lang='grc'>41</span> 
     </span>
    </p>
   </div>
   <div class='ocr_carea' id='block_1_2' title="bbox 223 372 1643 2436">
    <p class='ocr_par' dir='ltr' id='par_1_2' title="bbox 229 372 1643 1434">
     <span class='ocr_line' id='line_1_2' title="bbox 235 372 1642 424; baseline 0.001 -2"><span class='ocrx_word' id='word_1_6' title='bbox 235 374 474 422; x_wconf 86' lang='lat' dir='ltr'>diffidatur</span> <span class='ocrx_word' id='word_1_7' title='bbox 500 378 546 422; x_wconf 90' lang='lat' dir='ltr'>et</span> <span class='ocrx_word' id='word_1_8' title='bbox 570 372 616 419; x_wconf 93' lang='lat' dir='ltr'>in</span> <span class='ocrx_word' id='word_1_9' title='bbox 637 373 892 420; x_wconf 89' lang='lat' dir='ltr'>crastinum</span> <span class='ocrx_word' id='word_1_10' title='bbox 914 390 1020 421; x_wconf 91' lang='lat' dir='ltr'>cum</span> <span class='ocrx_word' id='word_1_11' title='bbox 1042 374 1128 422; x_wconf 94' lang='lat' dir='ltr'>sibi</span> <span class='ocrx_word' id='word_1_12' title='bbox 1147 375 1477 424; x_wconf 80' lang='lat' dir='ltr'>adherentibus</span> <span class='ocrx_word' id='word_1_13' title='bbox 1500 379 1642 424; x_wconf 88' lang='lat' dir='ltr'>comi-</span> 
     </span>
     <span class='ocr_line' id='line_1_3' title="bbox 233 450 1641 518; baseline 0.001 -19"><span class='ocrx_word' id='word_1_14' title='bbox 233 458 380 500; x_wconf 88' lang='lat' dir='ltr'>tatum</span> <span class='ocrx_word' id='word_1_15' title='bbox 407 450 673 515; x_wconf 89' lang='lat' dir='ltr'>Burgundie</span> <span class='ocrx_word' id='word_1_16' title='bbox 694 450 976 498; x_wconf 78' lang='lat' dir='ltr'><strong>subintravit</strong></span> <span class='ocrx_word' id='word_1_17' title='bbox 995 468 1047 498; x_wconf 90' lang='lat' dir='ltr'>ac</span> <span class='ocrx_word' id='word_1_18' title='bbox 1069 468 1284 516; x_wconf 90' lang='lat' dir='ltr'>magnam</span> <span class='ocrx_word' id='word_1_19' title='bbox 1312 458 1494 516; x_wconf 91' lang='lat' dir='ltr'>partem</span> <span class='ocrx_word' id='word_1_20' title='bbox 1520 453 1641 518; x_wconf 88' lang='lat' dir='ltr'>ejus-</span> 
     </span>
     <span class='ocr_line' id='line_1_4' title="bbox 234 527 1642 591; baseline 0.002 -15"><span class='ocrx_word' id='word_1_21' title='bbox 234 529 342 576; x_wconf 90' lang='lat' dir='ltr'>dem</span> <span class='ocrx_word' id='word_1_22' title='bbox 368 545 463 575; x_wconf 91' lang='lat' dir='ltr'>non</span> <span class='ocrx_word' id='word_1_23' title='bbox 490 528 550 575; x_wconf 90' lang='lat' dir='ltr'>ita</span> <span class='ocrx_word' id='word_1_24' title='bbox 577 527 703 574; x_wconf 87' lang='lat' dir='ltr'>ferro</span> <span class='ocrx_word' id='word_1_25' title='bbox 729 543 869 589; x_wconf 90' lang='lat' dir='ltr'>quam</span> <span class='ocrx_word' id='word_1_26' title='bbox 897 527 1004 590; x_wconf 82' lang='lat' dir='ltr'>igne</span> <span class='ocrx_word' id='word_1_27' title='bbox 1030 533 1076 575; x_wconf 88' lang='lat' dir='ltr'>et</span> <span class='ocrx_word' id='word_1_28' title='bbox 1102 529 1451 591; x_wconf 85' lang='lat' dir='ltr'>predationibus</span> <span class='ocrx_word' id='word_1_29' title='bbox 1475 530 1642 579; x_wconf 89' lang='lat' dir='ltr'>devas-</span> 
     </span>
     <span class='ocr_line' id='line_1_5' title="bbox 233 602 1640 667; baseline 0.002 -16"><span class='ocrx_word' id='word_1_30' title='bbox 233 605 364 661; x_wconf 82' lang='lat' dir='ltr'>tavit,</span> <span class='ocrx_word' id='word_1_31' title='bbox 390 610 589 667; x_wconf 75' lang='lat' dir='ltr'>postque</span> <span class='ocrx_word' id='word_1_32' title='bbox 615 603 661 649; x_wconf 92' lang='lat' dir='ltr'>in</span> <span class='ocrx_word' id='word_1_33' title='bbox 684 602 965 666; x_wconf 90' lang='lat' dir='ltr'>quibusdam</span> <span class='ocrx_word' id='word_1_34' title='bbox 985 604 1149 651; x_wconf 88' lang='lat' dir='ltr'>castris</span> <span class='ocrx_word' id='word_1_35' title='bbox 1170 622 1261 667; x_wconf 88' lang='lat' dir='ltr'>que</span> <span class='ocrx_word' id='word_1_36' title='bbox 1283 605 1481 653; x_wconf 85' lang='lat' dir='ltr'>scienter</span> <span class='ocrx_word' id='word_1_37' title='bbox 1507 612 1640 654; x_wconf 85' lang='lat' dir='ltr'>antea</span> 
     </span>
     <span class='ocr_line' id='line_1_6' title="bbox 233 679 1641 747; baseline 0.002 -19"><span class='ocrx_word' id='word_1_38' title='bbox 233 681 401 729; x_wconf 88' lang='lat' dir='ltr'>muniri</span> <span class='ocrx_word' id='word_1_39' title='bbox 431 681 602 728; x_wconf 80' lang='lat' dir='ltr'>fecerat</span> <span class='ocrx_word' id='word_1_40' title='bbox 627 696 733 727; x_wconf 89' lang='lat' dir='ltr'>cum</span> <span class='ocrx_word' id='word_1_41' title='bbox 754 679 1059 743; x_wconf 90' lang='lat' dir='ltr'>complicibus</span> <span class='ocrx_word' id='word_1_42' title='bbox 1080 697 1129 727; x_wconf 91' lang='lat' dir='ltr'>se</span> <span class='ocrx_word' id='word_1_43' title='bbox 1156 681 1349 744; x_wconf 89' lang='lat' dir='ltr'>recepit.</span> <span class='ocrx_word' id='word_1_44' title='bbox 1372 685 1475 730; x_wconf 84' lang='lat' dir='ltr'>Dux</span> <span class='ocrx_word' id='word_1_45' title='bbox 1500 683 1641 747; x_wconf 90' lang='lat' dir='ltr'>igitur</span> 
     </span>
     <span class='ocr_line' id='line_1_7' title="bbox 233 756 1637 822; baseline 0.001 -16"><span class='ocrx_word' id='word_1_46' title='bbox 233 765 279 806; x_wconf 90' lang='lat' dir='ltr'>et</span> <span class='ocrx_word' id='word_1_47' title='bbox 315 774 471 805; x_wconf 89' lang='lat' dir='ltr'>comes</span> <span class='ocrx_word' id='word_1_48' title='bbox 512 756 782 821; x_wconf 79' lang='lat' dir='ltr'>Burgundio</span> <span class='ocrx_word' id='word_1_49' title='bbox 821 756 1006 820; x_wconf 88' lang='lat' dir='ltr'>adjutus</span> <span class='ocrx_word' id='word_1_50' title='bbox 1053 757 1221 804; x_wconf 85' lang='lat' dir='ltr'>auxilio</span> <span class='ocrx_word' id='word_1_51' title='bbox 1257 759 1382 822; x_wconf 89' lang='lat' dir='ltr'>regis</span> <span class='ocrx_word' id='word_1_52' title='bbox 1416 762 1637 818; x_wconf 87' lang='lat' dir='ltr'>Navarre,</span> 
     </span>
     <span class='ocr_line' id='line_1_8' title="bbox 232 833 1642 891; baseline 0.001 -8"><span class='ocrx_word' id='word_1_53' title='bbox 232 835 362 883; x_wconf 90' lang='lat' dir='ltr'>ducis</span> <span class='ocrx_word' id='word_1_54' title='bbox 388 834 685 890; x_wconf 85' lang='lat' dir='ltr'>Normandie,</span> <span class='ocrx_word' id='word_1_55' title='bbox 719 833 902 880; x_wconf 88' lang='lat' dir='ltr'>comitis</span> <span class='ocrx_word' id='word_1_56' title='bbox 932 833 1162 891; x_wconf 87' lang='lat' dir='ltr'>Flandrie‚</span> <span class='ocrx_word' id='word_1_57' title='bbox 1194 836 1376 883; x_wconf 86' lang='lat' dir='ltr'>comitis</span> <span class='ocrx_word' id='word_1_58' title='bbox 1406 836 1464 884; x_wconf 88' lang='lat' dir='ltr'>de</span> <span class='ocrx_word' id='word_1_59' title='bbox 1493 839 1642 885; x_wconf 86' lang='lat' dir='ltr'>Stam-</span> 
     </span>
     <span class='ocr_line' id='line_1_9' title="bbox 232 910 1641 976; baseline 0.001 -17"><span class='ocrx_word' id='word_1_60' title='bbox 232 913 321 976; x_wconf 88' lang='lat' dir='ltr'>pis,</span> <span class='ocrx_word' id='word_1_61' title='bbox 341 927 562 975; x_wconf 85' lang='lat' dir='ltr'>magnum</span> <span class='ocrx_word' id='word_1_62' title='bbox 578 910 835 957; x_wconf 85' lang='lat' dir='ltr'>exercitum</span> <span class='ocrx_word' id='word_1_63' title='bbox 856 911 1157 975; x_wconf 81' lang='lat' dir='ltr'>congregavit</span> <span class='ocrx_word' id='word_1_64' title='bbox 1176 928 1229 959; x_wconf 86' lang='lat' dir='ltr'>ac</span> <span class='ocrx_word' id='word_1_65' title='bbox 1243 918 1447 960; x_wconf 85' lang='lat' dir='ltr'>castrum</span> <span class='ocrx_word' id='word_1_66' title='bbox 1465 914 1641 961; x_wconf 91' lang='lat' dir='ltr'>domini</span> 
     </span>
     <span class='ocr_line' id='line_1_10' title="bbox 231 987 1642 1037; baseline 0.001 -1"><span class='ocrx_word' id='word_1_67' title='bbox 231 988 401 1037; x_wconf 89' lang='lat' dir='ltr'>Giraldi</span> <span class='ocrx_word' id='word_1_68' title='bbox 422 988 479 1035; x_wconf 93' lang='lat' dir='ltr'>de</span> <span class='ocrx_word' id='word_1_69' title='bbox 497 991 649 1035; x_wconf 88' lang='lat' dir='ltr'>Monte</span> <span class='ocrx_word' id='word_1_70' title='bbox 664 987 874 1034; x_wconf 86' lang='lat' dir='ltr'>Falconis</span> <span class='ocrx_word' id='word_1_71' title='bbox 896 987 1081 1034; x_wconf 91' lang='lat' dir='ltr'>nomine</span> <span class='ocrx_word' id='word_1_72' title='bbox 1103 988 1403 1037; x_wconf 88' lang='lat' dir='ltr'>Chausiacum</span> <span class='ocrx_word' id='word_1_73' title='bbox 1421 989 1642 1037; x_wconf 87' lang='lat' dir='ltr'>obsidens</span> 
     </span>
     <span class='ocr_line' id='line_1_11' title="bbox 230 1063 1639 1129; baseline 0 -16"><span class='ocrx_word' id='word_1_74' title='bbox 230 1065 360 1129; x_wconf 88' lang='lat' dir='ltr'>quasi</span> <span class='ocrx_word' id='word_1_75' title='bbox 396 1070 504 1128; x_wconf 88' lang='lat' dir='ltr'>post</span> <span class='ocrx_word' id='word_1_76' title='bbox 530 1081 614 1111; x_wconf 87' lang='lat' dir='ltr'>sex</span> <span class='ocrx_word' id='word_1_77' title='bbox 641 1063 1011 1111; x_wconf 85' lang='lat' dir='ltr'>ebdomadarum</span> <span class='ocrx_word' id='word_1_78' title='bbox 1038 1065 1241 1128; x_wconf 89' lang='lat' dir='ltr'>spatium</span> <span class='ocrx_word' id='word_1_79' title='bbox 1274 1065 1318 1112; x_wconf 90' lang='lat' dir='ltr'>in</span> <span class='ocrx_word' id='word_1_80' title='bbox 1353 1066 1639 1114; x_wconf 89' lang='lat' dir='ltr'>deditionem</span> 
     </span>
     <span class='ocr_line' id='line_1_12' title="bbox 230 1141 1640 1206; baseline 0.001 -17"><span class='ocrx_word' id='word_1_81' title='bbox 230 1142 425 1205; x_wconf 90' lang='lat' dir='ltr'>accepit.</span> <span class='ocrx_word' id='word_1_82' title='bbox 446 1141 619 1188; x_wconf 89' lang='lat' dir='ltr'>Deinde</span> <span class='ocrx_word' id='word_1_83' title='bbox 640 1157 805 1188; x_wconf 88' lang='lat' dir='ltr'>versus</span> <span class='ocrx_word' id='word_1_84' title='bbox 820 1141 1074 1188; x_wconf 86' lang='lat' dir='ltr'>Bisantium</span> <span class='ocrx_word' id='word_1_85' title='bbox 1093 1142 1327 1189; x_wconf 84' lang='lat' dir='ltr'>civitatem</span> <span class='ocrx_word' id='word_1_86' title='bbox 1348 1160 1438 1206; x_wconf 89' lang='lat' dir='ltr'>que</span> <span class='ocrx_word' id='word_1_87' title='bbox 1459 1149 1640 1206; x_wconf 88' lang='lat' dir='ltr'>partem</span> 
     </span>
     <span class='ocr_line' id='line_1_13' title="bbox 231 1217 1642 1275; baseline 0.001 -9"><span class='ocrx_word' id='word_1_88' title='bbox 231 1218 407 1266; x_wconf 88' lang='lat' dir='ltr'>domini</span> <span class='ocrx_word' id='word_1_89' title='bbox 431 1217 488 1265; x_wconf 91' lang='lat' dir='ltr'>de</span> <span class='ocrx_word' id='word_1_90' title='bbox 516 1217 686 1265; x_wconf 89' lang='lat' dir='ltr'>Chalon</span> <span class='ocrx_word' id='word_1_91' title='bbox 714 1218 949 1265; x_wconf 88' lang='lat' dir='ltr'>nutriebat</span> <span class='ocrx_word' id='word_1_92' title='bbox 975 1234 1024 1265; x_wconf 90' lang='lat' dir='ltr'>se</span> <span class='ocrx_word' id='word_1_93' title='bbox 1048 1219 1350 1275; x_wconf 79' lang='lat' dir='ltr'>transferens,</span> <span class='ocrx_word' id='word_1_94' title='bbox 1374 1219 1494 1266; x_wconf 87' lang='lat' dir='ltr'>datis</span> <span class='ocrx_word' id='word_1_95' title='bbox 1515 1226 1642 1267; x_wconf 90' lang='lat' dir='ltr'>treu-</span> 
     </span>
     <span class='ocr_line' id='line_1_14' title="bbox 229 1294 1643 1358; baseline 0.002 -18"><span class='ocrx_word' id='word_1_96' title='bbox 229 1294 300 1358; x_wconf 90' lang='lat' dir='ltr'>gis</span> <span class='ocrx_word' id='word_1_97' title='bbox 319 1311 468 1357; x_wconf 89' lang='lat' dir='ltr'>usque</span> <span class='ocrx_word' id='word_1_98' title='bbox 488 1294 655 1349; x_wconf 83' lang='lat' dir='ltr'>natale,</span> <span class='ocrx_word' id='word_1_99' title='bbox 681 1294 787 1356; x_wconf 87' lang='lat' dir='ltr'>quia</span> <span class='ocrx_word' id='word_1_100' title='bbox 814 1310 902 1356; x_wconf 88' lang='lat' dir='ltr'>pro</span> <span class='ocrx_word' id='word_1_101' title='bbox 929 1294 1137 1341; x_wconf 83' lang='lat' dir='ltr'>exercitu</span> <span class='ocrx_word' id='word_1_102' title='bbox 1155 1295 1368 1342; x_wconf 87' lang='lat' dir='ltr'>victualia</span> <span class='ocrx_word' id='word_1_103' title='bbox 1389 1311 1481 1341; x_wconf 93' lang='lat' dir='ltr'>non</span> <span class='ocrx_word' id='word_1_104' title='bbox 1502 1295 1643 1343; x_wconf 87' lang='lat' dir='ltr'>habe-</span> 
     </span>
     <span class='ocr_line' id='line_1_15' title="bbox 229 1369 1216 1434; baseline 0 -17"><span class='ocrx_word' id='word_1_105' title='bbox 229 1370 326 1427; x_wconf 86' lang='lat' dir='ltr'>bat,</span> <span class='ocrx_word' id='word_1_106' title='bbox 351 1369 575 1416; x_wconf 89' lang='lat' dir='ltr'>remansit</span> <span class='ocrx_word' id='word_1_107' title='bbox 602 1370 841 1434; x_wconf 87' lang='lat' dir='ltr'>negotium</span> <span class='ocrx_word' id='word_1_108' title='bbox 868 1370 1216 1433; x_wconf 87' lang='lat' dir='ltr'>imperfectum.</span> 
     </span>
    </p>

    <p class='ocr_par' dir='ltr' id='par_1_3' title="bbox 223 1447 1640 1741">
     <span class='ocr_line' id='line_1_16' title="bbox 295 1447 1638 1512; baseline 0.002 -19"><span class='ocrx_word' id='word_1_109' title='bbox 295 1447 423 1494; x_wconf 79' lang='lat' dir='ltr'><em>99-b.</em></span> <span class='ocrx_word' id='word_1_110' title='bbox 456 1474 520 1481; x_wconf 95' lang='lat'>—-</span> <span class='ocrx_word' id='word_1_111' title='bbox 546 1450 642 1493; x_wconf 91' lang='lat' dir='ltr'>Hoc</span> <span class='ocrx_word' id='word_1_112' title='bbox 666 1463 806 1499; x_wconf 81' lang='lat' dir='ltr'>anno,</span> <span class='ocrx_word' id='word_1_113' title='bbox 835 1452 931 1494; x_wconf 91' lang='lat' dir='ltr'>tam</span> <span class='ocrx_word' id='word_1_114' title='bbox 956 1464 1099 1512; x_wconf 89' lang='lat' dir='ltr'>grave</span> <span class='ocrx_word' id='word_1_115' title='bbox 1126 1447 1391 1495; x_wconf 91' lang='lat' dir='ltr'>incendium</span> <span class='ocrx_word' id='word_1_116' title='bbox 1417 1456 1540 1496; x_wconf 74' lang='lat' dir='ltr'>xlma</span> <span class='ocrx_word' id='word_1_117' title='bbox 1564 1449 1638 1496; x_wconf 93' lang='lat' dir='ltr'>die</span> 
     </span>
     <span class='ocr_line' id='line_1_17' title="bbox 223 1524 1640 1590; baseline 0.002 -20"><span class='ocrx_word' id='word_1_118' title='bbox 223 1524 322 1588; x_wconf 90' lang='lat' dir='ltr'>julii</span> <span class='ocrx_word' id='word_1_119' title='bbox 342 1530 437 1570; x_wconf 89' lang='lat' dir='ltr'>tam</span> <span class='ocrx_word' id='word_1_120' title='bbox 464 1524 510 1570; x_wconf 89' lang='lat' dir='ltr'>in</span> <span class='ocrx_word' id='word_1_121' title='bbox 531 1524 697 1586; x_wconf 91' lang='lat' dir='ltr'>pannis</span> <span class='ocrx_word' id='word_1_122' title='bbox 717 1524 879 1571; x_wconf 92' lang='lat' dir='ltr'>Indicti</span> <span class='ocrx_word' id='word_1_123' title='bbox 903 1524 1096 1587; x_wconf 88' lang='lat' dir='ltr'>aliisque</span> <span class='ocrx_word' id='word_1_124' title='bbox 1121 1524 1356 1572; x_wconf 86' lang='lat' dir='ltr'>mercibus</span> <span class='ocrx_word' id='word_1_125' title='bbox 1382 1526 1640 1590; x_wconf 86' lang='lat' dir='ltr'>conflagra-</span> 
     </span>
     <span class='ocr_line' id='line_1_18' title="bbox 227 1600 1639 1667; baseline 0.002 -20"><span class='ocrx_word' id='word_1_126' title='bbox 227 1601 293 1648; x_wconf 91' lang='lat' dir='ltr'>vit</span> <span class='ocrx_word' id='word_1_127' title='bbox 314 1606 362 1648; x_wconf 88' lang='lat' dir='ltr'>ut</span> <span class='ocrx_word' id='word_1_128' title='bbox 387 1600 520 1648; x_wconf 90' lang='lat' dir='ltr'>multi</span> <span class='ocrx_word' id='word_1_129' title='bbox 544 1606 827 1648; x_wconf 90' lang='lat' dir='ltr'>mercatores</span> <span class='ocrx_word' id='word_1_130' title='bbox 853 1602 929 1664; x_wconf 85' lang='lat' dir='ltr'>qui</span> <span class='ocrx_word' id='word_1_131' title='bbox 959 1601 1127 1649; x_wconf 86' lang='lat' dir='ltr'>divites</span> <span class='ocrx_word' id='word_1_132' title='bbox 1149 1602 1435 1650; x_wconf 88' lang='lat' dir='ltr'>advenerant</span> <span class='ocrx_word' id='word_1_133' title='bbox 1462 1620 1639 1667; x_wconf 91' lang='lat' dir='ltr'>paupe-</span> 
     </span>
     <span class='ocr_line' id='line_1_19' title="bbox 230 1678 919 1741; baseline 0.001 -17"><span class='ocrx_word' id='word_1_134' title='bbox 230 1695 305 1725; x_wconf 86' lang='lat' dir='ltr'>res</span> <span class='ocrx_word' id='word_1_135' title='bbox 331 1678 389 1725; x_wconf 90' lang='lat' dir='ltr'>ad</span> <span class='ocrx_word' id='word_1_136' title='bbox 418 1678 610 1741; x_wconf 88' lang='lat' dir='ltr'>propria</span> <span class='ocrx_word' id='word_1_137' title='bbox 636 1683 919 1725; x_wconf 90' lang='lat' dir='ltr'>remearent.</span> 
     </span>
    </p>

    <p class='ocr_par' dir='ltr' id='par_1_4' title="bbox 227 1755 1642 1974">
     <span class='ocr_line' id='line_1_20' title="bbox 295 1755 1642 1820; baseline 0.001 -18"><span class='ocrx_word' id='word_1_138' title='bbox 295 1758 405 1802; x_wconf 75' lang='lat'><strong>400.</strong></span> <span class='ocrx_word' id='word_1_139' title='bbox 427 1782 491 1790; x_wconf 88' lang='lat'>—-</span> <span class='ocrx_word' id='word_1_140' title='bbox 507 1755 718 1803; x_wconf 82' lang='lat' dir='ltr'>Secunda</span> <span class='ocrx_word' id='word_1_141' title='bbox 735 1755 810 1802; x_wconf 87' lang='lat' dir='ltr'>die</span> <span class='ocrx_word' id='word_1_142' title='bbox 831 1755 926 1819; x_wconf 86' lang='lat' dir='ltr'>julii</span> <span class='ocrx_word' id='word_1_143' title='bbox 951 1762 1086 1803; x_wconf 90' lang='lat' dir='ltr'>natus</span> <span class='ocrx_word' id='word_1_144' title='bbox 1103 1762 1174 1803; x_wconf 89' lang='lat' dir='ltr'>est</span> <span class='ocrx_word' id='word_1_145' title='bbox 1193 1756 1291 1820; x_wconf 90' lang='lat' dir='ltr'>regi</span> <span class='ocrx_word' id='word_1_146' title='bbox 1311 1757 1501 1804; x_wconf 86' lang='lat' dir='ltr'>Francie</span> <span class='ocrx_word' id='word_1_147' title='bbox 1523 1774 1642 1820; x_wconf 89' lang='lat' dir='ltr'>puer</span> 
     </span>
     <span class='ocr_line' id='line_1_21' title="bbox 228 1832 1641 1897; baseline 0.001 -18"><span class='ocrx_word' id='word_1_148' title='bbox 228 1849 285 1879; x_wconf 81' lang='lat' dir='ltr'>ex</span> <span class='ocrx_word' id='word_1_149' title='bbox 307 1848 452 1880; x_wconf 85' lang='lat' dir='ltr'>uxore</span> <span class='ocrx_word' id='word_1_150' title='bbox 471 1849 552 1880; x_wconf 87' lang='lat' dir='ltr'>sua</span> <span class='ocrx_word' id='word_1_151' title='bbox 572 1832 775 1896; x_wconf 88' lang='lat' dir='ltr'>legitima</span> <span class='ocrx_word' id='word_1_152' title='bbox 795 1832 920 1895; x_wconf 89' lang='lat' dir='ltr'>apud</span> <span class='ocrx_word' id='word_1_153' title='bbox 941 1849 1105 1880; x_wconf 89' lang='lat' dir='ltr'>nemus</span> <span class='ocrx_word' id='word_1_154' title='bbox 1127 1833 1404 1882; x_wconf 90' lang='lat' dir='ltr'>Vicenarum</span> <span class='ocrx_word' id='word_1_155' title='bbox 1425 1834 1504 1897; x_wconf 86' lang='lat' dir='ltr'>qui</span> <span class='ocrx_word' id='word_1_156' title='bbox 1525 1834 1641 1897; x_wconf 86' lang='lat' dir='ltr'>bap-</span> 
     </span>
     <span class='ocr_line' id='line_1_22' title="bbox 227 1909 1311 1974; baseline 0.002 -18"><span class='ocrx_word' id='word_1_157' title='bbox 227 1909 391 1956; x_wconf 89' lang='lat' dir='ltr'>tizatus</span> <span class='ocrx_word' id='word_1_158' title='bbox 418 1909 657 1972; x_wconf 86' lang='lat' dir='ltr'>Philippus</span> <span class='ocrx_word' id='word_1_159' title='bbox 681 1927 707 1956; x_wconf 90' lang='lat' dir='ltr'>a</span> <span class='ocrx_word' id='word_1_160' title='bbox 732 1910 1004 1972; x_wconf 87' lang='lat' dir='ltr'>parentibus</span> <span class='ocrx_word' id='word_1_161' title='bbox 1031 1911 1311 1974; x_wconf 87' lang='lat' dir='ltr'>appellatur.</span> 
     </span>
    </p>

    <p class='ocr_par' dir='ltr' id='par_1_5' title="bbox 225 1986 1641 2360">
     <span class='ocr_line' id='line_1_23' title="bbox 296 1986 1637 2051; baseline 0.002 -19"><span class='ocrx_word' id='word_1_162' title='bbox 296 1988 405 2033; x_wconf 67' lang='grc'>101.</span> <span class='ocrx_word' id='word_1_163' title='bbox 427 1989 560 2033; x_wconf 88' lang='lat' dir='ltr'>-In</span> <span class='ocrx_word' id='word_1_164' title='bbox 581 1986 736 2051; x_wconf 89' lang='lat' dir='ltr'>vigilia</span> <span class='ocrx_word' id='word_1_165' title='bbox 762 1987 1029 2051; x_wconf 88' lang='lat' dir='ltr'>Magdalene</span> <span class='ocrx_word' id='word_1_166' title='bbox 1055 2004 1146 2050; x_wconf 90' lang='lat' dir='ltr'>que</span> <span class='ocrx_word' id='word_1_167' title='bbox 1173 1987 1258 2034; x_wconf 91' lang='lat' dir='ltr'>fuit</span> <span class='ocrx_word' id='word_1_168' title='bbox 1279 1987 1354 2035; x_wconf 87' lang='lat' dir='ltr'>die</span> <span class='ocrx_word' id='word_1_169' title='bbox 1381 1987 1637 2036; x_wconf 89' lang='lat' dir='ltr'>dominica¹</span> 
     </span>
     <span class='ocr_line' id='line_1_24' title="bbox 230 2063 1640 2129; baseline 0.002 -19"><span class='ocrx_word' id='word_1_170' title='bbox 230 2067 361 2127; x_wconf 87' lang='lat' dir='ltr'>Ilugo</span> <span class='ocrx_word' id='word_1_171' title='bbox 385 2063 443 2110; x_wconf 92' lang='lat' dir='ltr'>de</span> <span class='ocrx_word' id='word_1_172' title='bbox 472 2064 708 2120; x_wconf 81' lang='lat' dir='ltr'>Crusiaco,</span> <span class='ocrx_word' id='word_1_173' title='bbox 738 2064 888 2120; x_wconf 85' lang='lat' dir='ltr'>miles,</span> <span class='ocrx_word' id='word_1_174' title='bbox 920 2065 1104 2111; x_wconf 86' lang='lat' dir='ltr'>natione</span> <span class='ocrx_word' id='word_1_175' title='bbox 1129 2065 1430 2129; x_wconf 88' lang='lat' dir='ltr'>Burgundus,</span> <span class='ocrx_word' id='word_1_176' title='bbox 1462 2065 1640 2113; x_wconf 89' lang='lat' dir='ltr'>dudum</span> 
     </span>
     <span class='ocr_line' id='line_1_25' title="bbox 227 2140 1641 2204; baseline 0.002 -18"><span class='ocrx_word' id='word_1_177' title='bbox 227 2141 495 2203; x_wconf 85' lang='lat' dir='ltr'>prepositus</span> <span class='ocrx_word' id='word_1_178' title='bbox 516 2140 719 2187; x_wconf 88' lang='lat' dir='ltr'>Parisius</span> <span class='ocrx_word' id='word_1_179' title='bbox 740 2140 1051 2204; x_wconf 88' lang='lat' dir='ltr'>dominusque</span> <span class='ocrx_word' id='word_1_180' title='bbox 1067 2148 1228 2204; x_wconf 86' lang='lat' dir='ltr'>postea</span> <span class='ocrx_word' id='word_1_181' title='bbox 1250 2142 1521 2199; x_wconf 84' lang='lat' dir='ltr'>Palamenti‚</span> <span class='ocrx_word' id='word_1_182' title='bbox 1540 2149 1641 2189; x_wconf 86' lang='lat' dir='ltr'>tan-</span> 
     </span>
     <span class='ocr_line' id='line_1_26' title="bbox 225 2217 1640 2283; baseline 0.001 -19"><span class='ocrx_word' id='word_1_183' title='bbox 225 2234 365 2280; x_wconf 86' lang='lat' dir='ltr'>quam</span> <span class='ocrx_word' id='word_1_184' title='bbox 388 2217 530 2281; x_wconf 86' lang='lat' dir='ltr'>judex</span> <span class='ocrx_word' id='word_1_185' title='bbox 556 2218 868 2281; x_wconf 88' lang='lat' dir='ltr'>nequissimus</span> <span class='ocrx_word' id='word_1_186' title='bbox 889 2224 1129 2266; x_wconf 88' lang='lat' dir='ltr'>accusatus</span> <span class='ocrx_word' id='word_1_187' title='bbox 1151 2218 1250 2266; x_wconf 88' lang='lat' dir='ltr'>aliis</span> <span class='ocrx_word' id='word_1_188' title='bbox 1272 2219 1640 2283; x_wconf 89' lang='lat' dir='ltr'>criminibusque</span> 
     </span>
     <span class='ocr_line' id='line_1_27' title="bbox 225 2294 1586 2360; baseline 0.002 -19"><span class='ocrx_word' id='word_1_189' title='bbox 225 2294 465 2342; x_wconf 88' lang='lat' dir='ltr'>convictus</span> <span class='ocrx_word' id='word_1_190' title='bbox 491 2295 725 2341; x_wconf 89' lang='lat' dir='ltr'>communi</span> <span class='ocrx_word' id='word_1_191' title='bbox 756 2295 963 2358; x_wconf 87' lang='lat' dir='ltr'>patibulo</span> <span class='ocrx_word' id='word_1_192' title='bbox 986 2295 1188 2343; x_wconf 88' lang='lat' dir='ltr'>Parisius</span> <span class='ocrx_word' id='word_1_193' title='bbox 1216 2301 1287 2343; x_wconf 89' lang='lat' dir='ltr'>est</span> <span class='ocrx_word' id='word_1_194' title='bbox 1309 2313 1586 2360; x_wconf 73' lang='lat' dir='ltr'>suspensus,</span> 
     </span>
    </p>

    <p class='ocr_par' dir='ltr' id='par_1_6' title="bbox 293 2371 1638 2436">
     <span class='ocr_line' id='line_1_28' title="bbox 293 2371 1638 2436; baseline 0.002 -18"><span class='ocrx_word' id='word_1_195' title='bbox 293 2373 448 2421; x_wconf 70' lang='lat'>402-0.</span> <span class='ocrx_word' id='word_1_196' title='bbox 476 2399 540 2406; x_wconf 91' lang='lat'>—</span> <span class='ocrx_word' id='word_1_197' title='bbox 566 2374 738 2429; x_wconf 79' lang='lat' dir='ltr'>Quarta</span> <span class='ocrx_word' id='word_1_198' title='bbox 766 2371 840 2418; x_wconf 92' lang='lat' dir='ltr'>die</span> <span class='ocrx_word' id='word_1_199' title='bbox 865 2373 1066 2436; x_wconf 84' lang='lat' dir='ltr'>augusti,</span> <span class='ocrx_word' id='word_1_200' title='bbox 1090 2379 1216 2420; x_wconf 87' lang='lat' dir='ltr'>tanta</span> <span class='ocrx_word' id='word_1_201' title='bbox 1242 2378 1498 2436; x_wconf 83' lang='lat' dir='ltr'>tempestas</span> <span class='ocrx_word' id='word_1_202' title='bbox 1518 2375 1638 2421; x_wconf 86' lang='lat' dir='ltr'>toni-</span> 
     </span>
    </p>
   </div>
   <div class='ocr_carea' id='block_1_3' title="bbox 225 2494 1637 2839">
    <p class='ocr_par' dir='ltr' id='par_1_7' title="bbox 225 2494 1637 2839">
     <span class='ocr_line' id='line_1_29' title="bbox 276 2494 1634 2543; baseline 0.002 -13"><span class='ocrx_word' id='word_1_203' title='bbox 276 2495 308 2530; x_wconf 80' lang='lat'>1.</span> <span class='ocrx_word' id='word_1_204' title='bbox 332 2494 386 2530; x_wconf 84' lang='lat' dir='ltr'>La</span> <span class='ocrx_word' id='word_1_205' title='bbox 408 2494 678 2531; x_wconf 79' lang='lat' dir='ltr'>continuation</span> <span class='ocrx_word' id='word_1_206' title='bbox 699 2495 744 2531; x_wconf 91' lang='lat' dir='ltr'>de</span> <span class='ocrx_word' id='word_1_207' title='bbox 765 2495 988 2532; x_wconf 79' lang='lat' dir='ltr'>Guillaume</span> <span class='ocrx_word' id='word_1_208' title='bbox 1009 2495 1053 2531; x_wconf 84' lang='lat' dir='ltr'>de</span> <span class='ocrx_word' id='word_1_209' title='bbox 1074 2496 1223 2543; x_wconf 81' lang='lat' dir='ltr'>Nangis</span> <span class='ocrx_word' id='word_1_210' title='bbox 1249 2503 1357 2543; x_wconf 84' lang='lat' dir='ltr'>porte</span> <span class='ocrx_word' id='word_1_211' title='bbox 1388 2498 1604 2534; x_wconf 85' lang='lat' dir='ltr'>seulement</span> <span class='ocrx_word' id='word_1_212' title='bbox 1628 2511 1634 2533; x_wconf 90' lang='lat'><strong>:</strong></span> 
     </span>
     <span class='ocr_line' id='line_1_30' title="bbox 229 2554 1632 2602; baseline 0.004 -16"><span class='ocrx_word' id='word_1_213' title='bbox 229 2566 245 2586; x_wconf 85' lang='lat'>«</span> <span class='ocrx_word' id='word_1_214' title='bbox 261 2558 298 2589; x_wconf 85' lang='lat' dir='ltr'>et</span> <span class='ocrx_word' id='word_1_215' title='bbox 319 2558 402 2589; x_wconf 83' lang='lat' dir='ltr'>erat</span> <span class='ocrx_word' id='word_1_216' title='bbox 423 2554 518 2599; x_wconf 89' lang='lat' dir='ltr'>dies,</span> <span class='ocrx_word' id='word_1_217' title='bbox 537 2568 552 2587; x_wconf 91' lang='lat'>»</span> <span class='ocrx_word' id='word_1_218' title='bbox 571 2565 613 2590; x_wconf 89' lang='lat' dir='ltr'>ce</span> <span class='ocrx_word' id='word_1_219' title='bbox 636 2565 709 2601; x_wconf 88' lang='lat' dir='ltr'>que</span> <span class='ocrx_word' id='word_1_220' title='bbox 731 2554 765 2591; x_wconf 88' lang='lat' dir='ltr'>le</span> <span class='ocrx_word' id='word_1_221' title='bbox 785 2554 940 2590; x_wconf 83' lang='lat' dir='ltr'>dernier</span> <span class='ocrx_word' id='word_1_222' title='bbox 961 2554 1109 2591; x_wconf 73' lang='lat' dir='ltr'>cditcur</span> <span class='ocrx_word' id='word_1_223' title='bbox 1129 2567 1151 2591; x_wconf 85' lang='lat' dir='ltr'>a</span> <span class='ocrx_word' id='word_1_224' title='bbox 1172 2557 1336 2602; x_wconf 68' lang='lat' dir='ltr'>suppose</span> <span class='ocrx_word' id='word_1_225' title='bbox 1358 2556 1508 2593; x_wconf 86' lang='lat' dir='ltr'>vouloir</span> <span class='ocrx_word' id='word_1_226' title='bbox 1529 2556 1606 2592; x_wconf 84' lang='lat' dir='ltr'>dire</span> <span class='ocrx_word' id='word_1_227' title='bbox 1627 2571 1632 2592; x_wconf 90' lang='grc'>;</span> 
     </span>
     <span class='ocr_line' id='line_1_31' title="bbox 226 2611 1637 2662; baseline 0.005 -18"><span class='ocrx_word' id='word_1_228' title='bbox 226 2624 242 2644; x_wconf 91' lang='lat'>«</span> <span class='ocrx_word' id='word_1_229' title='bbox 260 2611 314 2647; x_wconf 87' lang='lat' dir='ltr'>les</span> <span class='ocrx_word' id='word_1_230' title='bbox 328 2612 538 2658; x_wconf 78' lang='lat' dir='ltr'>premieres</span> <span class='ocrx_word' id='word_1_231' title='bbox 560 2612 701 2649; x_wconf 82' lang='lat' dir='ltr'>heurcs</span> <span class='ocrx_word' id='word_1_232' title='bbox 715 2612 763 2648; x_wconf 85' lang='lat' dir='ltr'>du</span> <span class='ocrx_word' id='word_1_233' title='bbox 783 2613 890 2660; x_wconf 76' lang='lat' dir='ltr'>jour3</span> <span class='ocrx_word' id='word_1_234' title='bbox 910 2626 925 2646; x_wconf 86' lang='lat'>»</span> <span class='ocrx_word' id='word_1_235' title='bbox 944 2613 981 2649; x_wconf 83' lang='lat' dir='ltr'>la</span> <span class='ocrx_word' id='word_1_236' title='bbox 1002 2614 1113 2662; x_wconf 70' lang='lat' dir='ltr'>lecon</span> <span class='ocrx_word' id='word_1_237' title='bbox 1135 2615 1257 2651; x_wconf 82' lang='lat' dir='ltr'>suivie</span> <span class='ocrx_word' id='word_1_238' title='bbox 1278 2626 1346 2662; x_wconf 86' lang='lat' dir='ltr'>par</span> <span class='ocrx_word' id='word_1_239' title='bbox 1367 2620 1477 2651; x_wconf 81' lang='lat' dir='ltr'>notre</span> <span class='ocrx_word' id='word_1_240' title='bbox 1499 2620 1637 2651; x_wconf 71' lang='lat' dir='ltr'>autom·</span> 
     </span>
     <span class='ocr_line' id='line_1_32' title="bbox 225 2670 1632 2721; baseline 0.004 -16"><span class='ocrx_word' id='word_1_241' title='bbox 225 2670 379 2717; x_wconf 86' lang='lat' dir='ltr'>indique</span> <span class='ocrx_word' id='word_1_242' title='bbox 407 2671 498 2718; x_wconf 87' lang='lat' dir='ltr'>qu&#39;il</span> <span class='ocrx_word' id='word_1_243' title='bbox 530 2672 609 2708; x_wconf 79' lang='lat' dir='ltr'>faut</span> <span class='ocrx_word' id='word_1_244' title='bbox 634 2672 757 2719; x_wconf 73' lang='lat' dir='ltr'>plutot</span> <span class='ocrx_word' id='word_1_245' title='bbox 784 2672 962 2719; x_wconf 74' lang='lat' dir='ltr'>supplecr</span> <span class='ocrx_word' id='word_1_246' title='bbox 984 2687 999 2705; x_wconf 87' lang='lat'>«</span> <span class='ocrx_word' id='word_1_247' title='bbox 1022 2673 1231 2720; x_wconf 80' lang='lat' dir='ltr'>dominica,</span> <span class='ocrx_word' id='word_1_248' title='bbox 1257 2688 1271 2708; x_wconf 83' lang='lat'>»</span> <span class='ocrx_word' id='word_1_249' title='bbox 1296 2686 1337 2711; x_wconf 89' lang='lat' dir='ltr'>ce</span> <span class='ocrx_word' id='word_1_250' title='bbox 1358 2675 1421 2721; x_wconf 83' lang='lat' dir='ltr'>qui</span> <span class='ocrx_word' id='word_1_251' title='bbox 1445 2680 1503 2710; x_wconf 82' lang='lat' dir='ltr'>est</span> <span class='ocrx_word' id='word_1_252' title='bbox 1523 2675 1632 2710; x_wconf 76' lang='lat' dir='ltr'>‹l&#39;ail-</span> 
     </span>
     <span class='ocr_line' id='line_1_33' title="bbox 226 2730 1631 2779; baseline 0.004 -14"><span class='ocrx_word' id='word_1_253' title='bbox 226 2730 328 2765; x_wconf 82' lang='lat' dir='ltr'>leurs</span> <span class='ocrx_word' id='word_1_254' title='bbox 349 2731 533 2767; x_wconf 60' lang='lat' dir='ltr'>confirma</span> <span class='ocrx_word' id='word_1_255' title='bbox 554 2743 623 2778; x_wconf 83' lang='lat' dir='ltr'>par</span> <span class='ocrx_word' id='word_1_256' title='bbox 644 2732 678 2768; x_wconf 91' lang='lat' dir='ltr'>lc</span> <span class='ocrx_word' id='word_1_257' title='bbox 702 2737 805 2768; x_wconf 75' lang='lat' dir='ltr'>texte</span> <span class='ocrx_word' id='word_1_258' title='bbox 826 2732 892 2769; x_wconf 85' lang='lat' dir='ltr'>des</span> <span class='ocrx_word' id='word_1_259' title='bbox 913 2733 1074 2770; x_wconf 77' lang='lat' dir='ltr'>Grandes</span> <span class='ocrx_word' id='word_1_260' title='bbox 1096 2735 1318 2779; x_wconf 75' lang='lat' dir='ltr'>Chrom&#39;qzccs</span> <span class='ocrx_word' id='word_1_261' title='bbox 1336 2747 1344 2768; x_wconf 92' lang='lat'>.·</span> <span class='ocrx_word' id='word_1_262' title='bbox 1365 2748 1377 2767; x_wconf 90' lang='lat'>«</span> <span class='ocrx_word' id='word_1_263' title='bbox 1399 2735 1432 2769; x_wconf 86' lang='lat' dir='ltr'>la</span> <span class='ocrx_word' id='word_1_264' title='bbox 1454 2734 1565 2770; x_wconf 79' lang='lat' dir='ltr'>veillc</span> <span class='ocrx_word' id='word_1_265' title='bbox 1587 2734 1631 2770; x_wconf 75' lang='lat' dir='ltr'>de</span> 
     </span>
     <span class='ocr_line' id='line_1_34' title="bbox 228 2789 1560 2839; baseline 0.004 -16"><span class='ocrx_word' id='word_1_266' title='bbox 228 2789 264 2824; x_wconf 84' lang='lat' dir='ltr'>la</span> <span class='ocrx_word' id='word_1_267' title='bbox 285 2789 525 2835; x_wconf 75' lang='lat' dir='ltr'>Magdalcine</span> <span class='ocrx_word' id='word_1_268' title='bbox 546 2791 767 2838; x_wconf 80' lang='lat' dir='ltr'>cnsuivant‚</span> <span class='ocrx_word' id='word_1_269' title='bbox 789 2791 853 2839; x_wconf 88' lang='lat' dir='ltr'>qui</span> <span class='ocrx_word' id='word_1_270' title='bbox 875 2791 913 2828; x_wconf 89' lang='lat' dir='ltr'>fu</span> <span class='ocrx_word' id='word_1_271' title='bbox 934 2803 981 2828; x_wconf 84' lang='lat' dir='ltr'>au</span> <span class='ocrx_word' id='word_1_272' title='bbox 1005 2792 1208 2829; x_wconf 75' lang='lat' dir='ltr'>dimencho</span> <span class='ocrx_word' id='word_1_273' title='bbox 1230 2808 1245 2826; x_wconf 86' lang='lat'>»</span> <span class='ocrx_word' id='word_1_274' title='bbox 1271 2798 1310 2837; x_wconf 78' lang='lat' dir='ltr'>(t.</span> <span class='ocrx_word' id='word_1_275' title='bbox 1336 2793 1384 2838; x_wconf 80' lang='lat' dir='ltr'>V,</span> <span class='ocrx_word' id='word_1_276' title='bbox 1406 2804 1438 2839; x_wconf 85' lang='lat' dir='ltr'>p.</span> <span class='ocrx_word' id='word_1_277' title='bbox 1465 2793 1560 2837; x_wconf 66' lang='lat'><strong>3⁴35).</strong></span> 
     </span>
    </p>
   </div>
  </div>
 </body>
</html>
