2060 3345
412 376 456 412 38
788 376 992 409 RICHARDI
1021 374 1147 407 SCOTl
1171 374 1435 406 CHRONICON.
1701 372 1805 417 [1335

411 458 523 506 mini
548 457 720 505 scilicet
747 471 853 503 cum
877 470 1049 501 corona
1078 458 1124 501 et
1150 453 1294 517 digito
1324 453 1469 500 sancti
1491 453 1693 516 Dyonisii
1718 471 1809 517 que

411 535 474 582 ibi
501 535 598 582 fere
629 533 792 580 diebus
817 530 1065 578 duodecim
1091 535 1432 586 remanserunt,
1465 528 1654 576 tandem
1680 546 1810 578 sanc-

412 618 568 660 torum
593 608 768 657 meritis
794 606 1104 671 precibusque
1125 606 1285 670 populi
1303 609 1448 654 Deum
1474 606 1717 654 orantibus
1740 612 1810 654 est

411 693 614 736 sanatus.
649 684 854 748 Septima
891 699 1005 731 vero
1039 683 1115 731 die
1145 683 1244 747 julii
1279 700 1363 730 rex
1394 699 1501 730 cum
1535 683 1628 729 filio
1666 699 1750 730 suo
1785 701 1810 730 a

411 763 688 812 Taverniaco
706 760 949 825 pedestres
966 776 1115 823 usque
1135 762 1352 808 Sanctum
1369 759 1640 823 Dyonisium
1658 775 1811 807 acces-

410 845 586 896 serunt,
610 837 976 902 regraciantibus
996 836 1167 884 sanctis
1185 835 1471 900 martyribus
1497 835 1678 883 duabus
1701 852 1810 883 noc-

409 916 532 963 tibus
567 914 886 978 pernoctando
917 919 965 960 et
996 931 1022 960 a
1056 913 1335 976 quibusdam
1368 912 1588 960 fratribus
1622 913 1809 960 ecclesie

408 992 566 1039 audito
592 991 789 1039 servicio
805 991 863 1038 de
880 993 1020 1037 Beato
1036 989 1255 1052 Dyonisio
1275 1006 1381 1036 cum
1404 989 1543 1036 missa
1564 989 1621 1036 ab
1643 989 1810 1036 abbate

410 1074 516 1115 ante
535 1068 676 1115 altare
698 1072 956 1131 martyrum
983 1066 1229 1121 celebrata,
1254 1072 1361 1129 post
1385 1065 1635 1129 prandium
1658 1082 1811 1113 reces-

409 1150 569 1194 serunt
595 1143 823 1191 visitaturi
848 1143 935 1190 alia
961 1148 1118 1190 sancta
1144 1142 1294 1190 loca1.

472 1222 605 1268 93-d.
636 1248 699 1256 —
731 1220 859 1268 Circa
892 1219 1062 1266 festum
1098 1218 1379 1282 Magdalene‚
1410 1235 1494 1265 rex
1526 1217 1689 1281 Anglie
1715 1222 1810 1264 tam

408 1299 617 1363 equitum
635 1313 775 1360 quam
796 1296 1006 1359 peditum
1026 1302 1179 1342 turma
1196 1295 1417 1350 vallatus,⁴
1431 1294 1598 1342 comite
1615 1297 1811 1341 Namur-

409 1376 462 1424 sii
489 1374 649 1422 uxoris
675 1390 756 1420 sue
783 1378 998 1436 cognato,
1026 1372 1195 1419 comite
1221 1371 1278 1419 de
1305 1371 1474 1419 Guellis
1494 1371 1573 1434 qui
1600 1387 1811 1418 sororem

408 1467 538 1500 suam
561 1450 925 1514 desponsaverat
952 1464 1059 1495 cum
1085 1447 1184 1494 aliis
1209 1447 1442 1495 nobilibus
1464 1447 1522 1494 de
1543 1447 1812 1495 Alamannia

408 1529 562 1592 ipsum
580 1525 922 1582 comitantibus,
943 1541 1070 1571 mare
1089 1523 1320 1572 Scoticum
1340 1523 1587 1580 transiens,
1609 1523 1708 1570 sine
1726 1522 1812 1569 im-

407 1605 675 1669 pedimento
696 1602 895 1651 Scotiam
911 1601 1205 1657 subintravit,
1229 1601 1397 1648 deinde
1415 1600 1472 1647 ad
1492 1600 1646 1647 villam
1665 1600 1808 1647 sancti

409 1680 630 1731 Johannis
655 1696 704 1727 se
730 1679 1044 1726 transferreris
1073 1678 1289 1740 illamque
1319 1678 1533 1724 muniens
1562 1693 1615 1724 ac
1639 1676 1813 1724 ibidem

409 1760 602 1806 fratrem
618 1773 753 1804 suum
771 1760 793 1804 J
798 1757 1029 1803 ohannem
1042 1755 1201 1802 Deltan
1220 1755 1437 1801 comitem
1460 1753 1691 1801 Cornubie
1706 1770 1812 1801 cum

408 1833 628 1883 Eduardo
648 1833 706 1880 de
724 1832 925 1880 Baillieul
944 1831 1184 1878 dimittens
1204 1836 1249 1878 et
1267 1831 1324 1877 ad
1343 1833 1559 1878 Sanctum
1577 1830 1812 1878 Andream

410 1910 618 1967 veniens,
647 1908 838 1973 pacifice
863 1908 1041 1972 recepit
1067 1907 1379 1972 quorumdam
1406 1906 1463 1954 de
1489 1923 1636 1971 regno
1662 1906 1813 1954 Scotie

410 1992 675 2034 nontamen
699 1984 909 2033 omnium
928 1984 1141 2048 homagia
1162 1989 1505 2048 magnatorum.
1531 1984 1813 2031 Confirmato

408 2065 549 2128 igitur
587 2063 633 2110 in
669 2078 814 2126 regno
856 2061 1007 2108 Scotie
1046 2060 1263 2108 Eduardo
1306 2060 1539 2123 predicto,
1579 2059 1815 2107 ordinavit

410 2141 537 2204 quod
562 2141 663 2203 ipse
688 2145 734 2186 et
755 2142 1047 2186 successores
1067 2137 1137 2185 sui
1155 2136 1344 2201 regibus
1365 2136 1525 2201 Anglie
1546 2136 1813 2200 homagium

410 2217 592 2273 facient,
628 2216 829 2263 ferentes
864 2213 1039 2262 eisdem
1071 2214 1292 2261 auxilium
1329 2219 1489 2261 contra
1524 2229 1705 2261 omnes.
1743 2213 1812 2260 Ad

460 2368 492 2404 1.
515 2367 576 2404 On
596 2372 746 2413 trouve,
768 2367 863 2402 dans
884 2367 939 2404 les
961 2373 1131 2414 comptes
1158 2367 1203 2403 de
1226 2367 1492 2413 Saint-Denis,
1515 2366 1580 2402 des
1609 2371 1733 2402 traces
1763 2366 1811 2402 du

410 2426 630 2474 pelerinage
659 2426 726 2461 fait
746 2426 768 2462 a.
788 2425 962 2473 l’abbaye
984 2435 1032 2461 en
1054 2431 1153 2462 cette
1183 2426 1452 2462 circonstance
1476 2438 1483 2460 z
1509 2438 1524 2459 «
1548 2425 1623 2461 Pro
1644 2424 1811 2461 adventu

413 2485 513 2532 regis
528 2484 679 2532 quando
697 2484 801 2520 venit
820 2483 865 2520 de
885 2484 1123 2521 Taverniaco
1138 2485 1185 2520 ad
1199 2484 1403 2522 ecclesiam
1417 2483 1569 2520 devotte
1591 2489 1627 2519 et
1648 2494 1713 2530 pro
1733 2489 1812 2519 toto

412 2542 596 2579 luminari
624 2542 723 2590 quod
744 2542 838 2578 arsit
858 2542 923 2588 ihi,
945 2554 1050 2578 xxun
1071 2543 1095 2578 l.
1118 2564 1163 2569 —
1184 2543 1258 2579 Pro
1290 2542 1450 2579 torchiis
1480 2542 1629 2578 traditis
1659 2542 1812 2577 famulis

412 2602 647 2649 preceptoris
667 2602 707 2637 iu
728 2601 894 2637 adventu
916 2601 1036 2648 ipsius
1059 2602 1158 2649 regis
1179 2613 1273 2649 quas
1295 2601 1535 2637 tradiderunt
1561 2601 1661 2636 sicut
1681 2600 1813 2637 dicunt

413 2661 489 2695 illis
502 2660 548 2696 de
563 2659 748 2706 hospicio,
764 2671 850 2695 xxv1
867 2660 890 2694 Ι.
908 2681 951 2686 —
968 2660 1040 2695 Pro
1057 2661 1318 2707 reportatione
1340 2660 1589 2706 reliquiarum
1609 2659 1654 2695 do
1675 2660 1813 2695 Ταγαν-

414 2729 539 2765 nyaco
554 2717 601 2753 ud
615 2717 820 2754 ecclesiam
843 2722 921 2753 tum
943 2718 981 2752 in
1004 2718 1161 2754 torchiis
1182 2729 1297 2764 (usuam
1318 2718 1357 2753 in
1379 2718 1452 2753 ulio
1475 2717 1668 2763 luminari,
1686 2730 1734 2753 xx
1752 2718 1773 2752 l.
1796 2731 1810 2751 »

415 2777 606 2823 (Comptes
620 2776 669 2813 du
686 2777 736 2812 1ΒΓ
748 2776 872 2823 juillet
889 2777 978 2813 1335
993 2788 1040 2813 au
1058 2777 1365 2824 1erjuillet133ss.
1383 2777 1501 2813 Arch.
1518 2781 1615 2821 nat„
1633 2776 1810 2820 LL1241,

416 2836 478 2871 sol.
503 2836 598 2881 156.)
