2060 3345
390 335 430 370 10
758 337 963 369 RIGIIARDI
992 336 1118 368 SCOTI
1147 335 1411 368 CHRONIGON.
1675 332 1780 378 [1328

384 418 571 480 petebat
586 417 716 482 juxta
734 417 858 480 regis
875 415 1117 463 consilium
1137 416 1391 463 ordinaret.
1413 415 1498 472 Qui
1516 414 1781 462 Guillelmus

384 494 553 542 cadens
579 495 622 540 in
651 494 866 556 laqueum
891 508 1031 555 quem
1062 492 1273 548 tetendit,
1301 492 1360 539 ad
1391 506 1551 554 regem
1580 490 1782 538 Parisius

384 577 454 618 est
490 571 732 626 adductus,
771 568 976 625 tandem,
1021 569 1233 631 inquesta
1265 570 1400 623 facta,
1435 566 1576 614 morti
1610 567 1783 629 turpis-

384 648 498 695 sime
523 646 909 708 condempnatur.
938 645 1093 692 Primo
1123 645 1168 691 in
1201 645 1367 708 pilorio
1397 644 1611 700 vertitur,
1646 642 1781 690 ambe

382 739 545 770 manus
565 722 884 779 absciduntur,
902 728 1005 769 rota
1025 722 1242 769 eminenti
1261 722 1448 785 ponitur
1460 720 1591 785 juxta
1612 736 1661 767 se
1682 736 1783 767 sus-

381 798 538 862 pensis
569 798 782 846 manibus
817 799 914 846 sive
946 799 1131 863 pugnis.
1158 801 1276 846 Dum
1305 814 1419 845 vero
1451 796 1588 843 morti
1622 795 1781 859 proxi-

381 892 484 922 mus
512 875 767 933 videretur,
803 875 1071 938 deponitur,
1107 875 1164 923 ad
1201 874 1396 922 caudam
1431 873 1655 937 quadrige
1688 878 1782 919 tra-

380 953 504 1000 hitur
526 958 572 1000 et
598 953 642 1000 in
670 953 965 1017 supervigilia
986 952 1147 999 natalis
1168 952 1349 999 Domini
1371 967 1476 999 cum
1497 951 1590 998 suis
1613 949 1780 1013 pugnis

380 1029 579 1077 Parisius
605 1036 676 1076 est
702 1046 974 1092 suspensus.
1410 1033 1413 1035 “

445 1107 572 1154 16-b.
593 1107 892 1154 —Dominus
911 1108 1141 1156 ‚Iohannes
1164 1105 1222 1152 de
1244 1104 1606 1153 Cherchemont1
1636 1104 1782 1151 Picta-

379 1183 533 1230 vensis
569 1183 783 1246 dyocesis
814 1188 859 1229 et
893 1183 1194 1230 cancellarius
1227 1181 1388 1246 Regis,
1418 1181 1465 1228 in
1498 1181 1782 1228 secularibus

380 1259 704 1323 peritissimus,
734 1260 780 1306 in
812 1259 952 1307 curiis
980 1275 1102 1322 pape
1135 1265 1179 1306 et
1208 1258 1331 1322 regis
1363 1257 1778 1321 prestantissimus,

378 1337 423 1382 in
450 1336 573 1383 victu
603 1336 975 1391 delicatissimus,
1005 1336 1052 1382 in
1088 1334 1309 1382 exteriori
1338 1339 1472 1398 gestu
1503 1333 1782 1397 superbissi-

380 1429 483 1459 mus
504 1413 599 1459 fere
616 1412 788 1476 judicio
811 1412 1020 1459 omnium
1044 1411 1310 1468 meditatus,
1334 1427 1440 1457 oum
1461 1411 1599 1458 vellet
1619 1427 1782 1472 quam-

379 1488 485 1535 dam
528 1488 751 1550 capellam
790 1487 1120 1535 canonicorum
1158 1486 1430 1533 edifacatam
1471 1485 1517 1532 in
1558 1486 1660 1532 loco
1702 1485 1780 1532 ubi

379 1570 514 1611 natus
546 1564 711 1620 suerat,
750 1564 956 1621 visitare,
993 1564 1250 1628 magisque,
1280 1568 1330 1609 ut
1356 1562 1578 1620 creditur,
1610 1579 1780 1609 nomen

379 1655 515 1686 suum
541 1655 681 1702 quam
706 1643 851 1687 Deum
884 1640 931 1686 in
964 1639 1086 1687 facto
1114 1639 1378 1703 hujusmodi
1409 1638 1657 1695 honorare,
1688 1645 1778 1686 sta-

378 1714 461 1760 tim
491 1720 541 1761 ut
571 1714 808 1777 ingressus
841 1719 912 1762 est
943 1715 1230 1762 territorium
1261 1715 1530 1762 Pictavense
1556 1715 1635 1762 ubi
1662 1715 1779 1762 mul-

377 1797 477 1838 tum
522 1791 712 1838 honoris
756 1792 976 1855 sperabat
1019 1792 1336 1839 indubitanter
1372 1792 1566 1847 habere,
1609 1793 1779 1839 nemini

376 1868 587 1930 loquens,
618 1874 767 1914 morte
799 1868 949 1916 subita
975 1869 1244 1916 suffocatur.
1277 1868 1485 1933 Sigillum
1512 1885 1625 1916 vero
1658 1869 1782 1932 regis

377 1943 435 1990 ad
467 1959 644 2007 regem,
672 1961 844 2007 corpus
874 1945 932 1991 ad
965 1945 1187 2008 capellam
1219 1961 1359 2007 quam
1386 1945 1683 1992 edificaverat
1708 1951 1781 1992 cst

378 2019 582 2066 delatum
614 2026 660 2067 et
692 2020 737 2067 in
763 2020 925 2068 eadem
952 2037 1037 2084 per
1062 2021 1334 2085 episcopum
1360 2022 1674 2068 pictavensem
1701 2022 1782 2085 qui

381 2101 487 2143 tunc
513 2113 707 2159 presens
734 2097 894 2144 aderat
919 2098 1216 2145 tumulatum.

445 2176 523 2221 17.
552 2201 616 2209 —
639 2174 878 2238 Philippus
910 2192 993 2222 rex
1021 2175 1210 2222 Francie
1244 2175 1383 2222 mittit
1414 2175 1459 2222 in
1485 2176 1696 2240 Angliam
1720 2176 1778 2223 ad

378 2266 536 2314 regem
569 2250 779 2307 nuncios,
813 2251 1089 2315 magistrum
1121 2253 1310 2298 Petrum
1343 2251 1528 2316 Rogeri,
1561 2251 1778 2298 abbatem

378 2327 602 2384 Fiscanni,
623 2327 865 2374 doctorem
890 2327 935 2374 in
964 2328 1211 2392 theologia,
1237 2345 1343 2375 cum
1366 2328 1578 2392 pluribus
1604 2329 1701 2376 aliis
1729 2335 1779 2376 ut

430 2488 460 2523 1.
483 2487 582 2523 Jean
603 2487 648 2523 de
668 2487 964 2534 Cherchemont,
987 2490 1168 2526 tresorier
1197 2490 1241 2526 de
1263 2491 1382 2536 Laon,
1404 2490 1530 2537 (loyen
1550 2491 1595 2527 de
1616 2491 1780 2528 Poitiers

380 2557 429 2583 en
450 2546 539 2582 1317
560 2551 597 2582 et
618 2547 837 2583 chancelier
857 2547 902 2583 de
922 2548 1069 2584 France
1091 2548 1140 2584 du
1161 2549 1203 2585 24
1222 2548 1373 2596 janvier
1400 2549 1486 2585 1321
1517 2560 1564 2584 au
1586 2551 1605 2586 Q
1629 2550 1781 2596 J'anvier

382 2606 485 2650 1322,
502 2606 655 2641 nomme
673 2605 716 2641 de
734 2617 909 2642 nouveau
930 2606 951 2642 a
971 2607 1007 2643 la
1025 2608 1151 2643 nieme
1173 2609 1313 2655 charge
1335 2609 1368 2644 le
1385 2609 1427 2644 19
1442 2609 1651 2644 novembre
1674 2610 1778 2656 1323,

381 2668 536 2699 mourut
565 2664 599 2699 le
628 2664 672 2699 25
702 2665 856 2699 octobre
885 2665 986 2701 1328.
1017 2666 1071 2702 La
1098 2666 1308 2714 chronique
1329 2666 1374 2702 de
1399 2667 1499 2702 Jean
1520 2666 1565 2702 de
1586 2668 1709 2713 Noyal
1732 2679 1779 2703 ne

382 2722 448 2757 fait
469 2733 541 2769 quc
562 2722 783 2769 reproduire
811 2734 876 2759 sur
902 2734 944 2760 ce
964 2724 1071 2771 point
1093 2726 1126 2761 le
1154 2726 1248 2762 recit
1278 2726 1323 2761 de
1353 2730 1462 2762 notre
1493 2731 1629 2762 auteur
1656 2732 1692 2763 et
1713 2727 1778 2763 des

383 2782 544 2817 Grandes
566 2783 789 2827 (llzsroniques
813 2781 924 2826 (Bibl.
950 2789 1044 2826 nat„
1069 2784 1175 2819 fonds
1198 2784 1242 2820 fr.
1269 2785 1395 2829 10138,
1418 2785 1480 2820 fol.
1505 2786 1572 2821 109
1593 2788 1656 2825 v0l.
