2060 3345
253 303 356 349 1337]
619 304 824 337 RICHARDI
853 306 979 338 SCOTI
1007 305 1273 338 CHRONICON.
1607 305 1650 341 43

249 388 295 434 in
328 386 528 434 confinio
560 401 814 448 regnorum
843 401 1036 433 suorum
1068 386 1171 443 site,
1201 386 1389 434 tandem
1415 402 1501 450 per
1526 403 1653 434 sum-

248 480 377 511 mum
404 462 671 511 Pontificem
695 467 741 509 et
759 477 920 525 regem
939 463 1144 519 Francie,
1168 462 1523 510 administrante
1542 469 1653 511 tunc

246 541 452 590 Johanne
487 539 544 587 dc
574 538 771 595 Vienna,
813 538 1165 602 archiepiscopo
1201 539 1438 597 Remensi‚
1480 539 1559 602 qui
1595 557 1651 587 ex

246 622 379 680 parte
411 615 535 680 regis
561 614 749 662 Francie
775 620 821 662 et
852 618 1056 662 Navarre
1086 615 1144 662 ad
1171 616 1259 663 hoc
1285 616 1456 664 missus
1481 615 1648 673 fuerat,

246 693 304 740 ad
329 691 627 740 concordiam
656 697 763 738 sunt
788 690 993 739 adducti.

315 772 424 817 405.
455 796 518 804 -—
544 771 640 815 Hoc
663 785 784 815 anno
804 768 925 815 inter
949 785 1112 832 regem
1132 769 1322 816 Francie
1349 774 1394 817 et
1420 769 1653 834 Hyspanie

246 848 364 894 facte
387 851 495 893 sunt
518 850 563 892 ct
588 846 770 892 firmate
796 845 1198 893 confederationes
1224 846 1456 893 solennes.

313 924 466 984 lOss-f.
488 950 552 958 —
566 926 664 970 Rex
682 922 843 986 Anglie
866 921 1129 978 Eduardus,
1153 921 1318 969 videns
1338 939 1499 986 regem
1513 926 1654 969 Fran-

244 1000 312 1047 cie
341 1006 523 1063 partem
550 1000 795 1046 Scotorum
831 999 990 1046 fovere
1016 999 1251 1046 volentem
1278 1006 1472 1062 propter
1498 999 1653 1046 confe-

243 1076 511 1124 derationes
538 1092 653 1138 quas
674 1093 780 1123 cum
806 1076 920 1139 ipsis
946 1075 1111 1123 inierat
1137 1076 1392 1123 avunculus
1420 1092 1530 1123 suus
1550 1075 1654 1122 Phi-

243 1153 398 1216 lippus
424 1151 663 1215 quondam
686 1169 771 1199 rex
798 1153 988 1200 Francie
1013 1152 1164 1200 dictus
1191 1152 1402 1209 Pulcher,
1431 1168 1653 1216 magnum

241 1233 520 1291 apparatum
547 1228 737 1275 navium
763 1228 808 1275 in
836 1229 950 1275 mari
978 1228 1210 1292 disposuit
1237 1244 1290 1275 ac
1315 1229 1654 1276 confederatio-

241 1322 348 1352 nem
375 1305 553 1361 habuit,
579 1322 671 1352 non
693 1306 906 1352 obstante
932 1305 1059 1368 quod
1081 1311 1203 1352 esset
1224 1307 1652 1354 excommunicatus

242 1382 533 1445 imperioque
570 1381 805 1444 privatus,
842 1398 949 1429 cum
986 1381 1104 1429 duce
1147 1382 1354 1430 Baioarie
1392 1382 1648 1439 Ludovico,

242 1459 409 1506 eodem
437 1458 554 1506 duce
580 1459 665 1506 sihi
692 1458 915 1506 auxilium
939 1459 1257 1522 promittente,
1283 1459 1469 1506 fuerunt
1495 1465 1651 1506 autem

242 1535 386 1582 multe
424 1535 526 1582 belli
563 1535 899 1582 commotiones
934 1535 1056 1582 inter
1092 1542 1317 1599 utrosque
1351 1553 1502 1600 reges,
1534 1536 1653 1583 facta

242 1618 400 1659 tamen
427 1612 620 1675 piratica
648 1618 743 1660 tam
770 1612 815 1659 in
849 1618 974 1659 terra
1010 1628 1150 1675 quam
1187 1613 1303 1659 mari
1329 1612 1654 1660 tantummodo

243 1688 527 1737 exercendo.

748 1791 789 1836 M
808 1790 909 1838 CCC
929 1791 1150 1838 XXXVII.

310 1913 501 1976 407-91.
529 1941 591 1949 —-
618 1914 751 1961 Anno
771 1913 955 1961 Domini
981 1913 1034 1961 M⁰
1057 1911 1164 1962 GCC⁰
1188 1912 1392 1970 XXXV11⁰,
1423 1911 1654 1960 discordia

241 2007 333 2053 que
373 1991 525 2038 fuerat
562 1990 683 2038 inter
721 1990 966 2038 dominum
999 1990 1259 2038 ,Iohannem
1295 1989 1352 2036 de
1391 1989 1563 2038 Chalon
1601 2006 1654 2036 ac

241 2068 410 2116 ducem
445 2067 759 2130 comitemque
792 2067 1084 2132 Burgundie,
1122 2074 1170 2115 ut
1214 2067 1391 2114 dictum
1427 2072 1520 2122 est,
1564 2083 1652 2130 per

239 2161 402 2209 regem
428 2144 618 2192 Francie
642 2145 882 2208 pacificata
908 2145 995 2192 fuit
1018 2151 1063 2192 et
1091 2144 1266 2192 sedata.

307 2221 618 2270 408.-Cirea
638 2220 808 2269 festum
824 2221 977 2268 Sancti
990 2220 1211 2270 Johannis
1228 2220 1453 2284 Baptiste,
1471 2224 1650 2267 cometa

237 2298 453 2362 apparuit
489 2315 580 2361 que
612 2298 657 2344 in
692 2297 824 2362 signo
856 2298 1160 2346 Geminorum
1192 2298 1276 2345 fuit
1312 2303 1432 2354 orta,
1471 2297 1649 2344 ratione

238 2375 421 2438 eclipsis
447 2375 553 2421 anni
579 2375 873 2438 precedentis
898 2375 1035 2422 tertia
1061 2375 1136 2423 die
1164 2375 1315 2421 martii
1347 2391 1432 2438 per
1457 2378 1648 2422 Martem

237 2458 282 2498 et
309 2454 581 2507 Saturnum,
621 2458 671 2498 ut
705 2451 919 2498 dicebant
954 2451 1177 2516 astrologi
1219 2451 1470 2514 sapientes.
1518 2450 1647 2498 Unde

286 2608 319 2641 1.
342 2606 403 2642 Au
420 2612 758 2643 commcncemcut
779 2607 824 2643 dc
846 2612 946 2643 cette
967 2609 1106 2654 aulice,
1129 2608 1162 2644 lc
1184 2608 1466 2645 Continuatcur
1480 2608 1524 2642 ‹le
1541 2608 1647 2643 Guil-

240 2665 365 2700 latumo
387 2665 431 2701 (le
453 2666 600 2713 Nungis
632 2666 859 2701 mentiounc
891 2666 1173 2713 l'engugenlcnt
1203 2679 1272 2714 pur
1299 2669 1330 2703 le
1354 2667 1407 2702 roi
1429 2668 1474 2702 ‹lo
1501 2668 1645 2701 anw

238 2722 494 2771 ‹leheaiucoup
514 2725 559 2761 (le
580 2736 674 2771 gens
695 2725 739 2761 dc
763 2737 897 2771 guel-rc
919 2731 956 2762 ct,
976 2732 1127 2763 surtout
1144 2726 1189 2762 dc
1204 2727 1349 2763 Gcnois
1367 2732 1404 2770 (t.
1428 2726 1473 2770 ll,
1493 2738 1525 2771 p.
1549 2727 1644 2771 lium

241 2782 294 2818 les
316 2784 474 2819 Grandes
497 2786 736 2831 Gliromssqzws,
760 2795 909 2821 comme
931 2790 1041 2822 notre
1064 2791 1216 2831 auteur,
1240 2786 1331 2822 n’en
1354 2785 1503 2832 parient
1527 2796 1603 2832 pas.
