2060 3345
419 333 462 369 30
789 334 992 367 RICHARDI
1020 332 1144 365 SCOTI
1176 332 1441 365 CHRONICON.
1705 330 1808 376 [1333

418 415 509 462 die.
547 413 720 462 Eodem
751 413 868 459 festo
902 410 1005 457 fecit
1037 427 1119 457 rex
1151 410 1291 457 filiam
1319 427 1450 458 suam
1481 410 1669 457 Mariam
1704 427 1810 459 cum

418 490 510 536 filio
537 489 666 536 ducis
685 485 935 534 Brabancie
961 485 1253 548 desponsari.

482 567 607 615 72-0.
627 563 788 611 —Die
820 562 1002 609 veneris
1037 568 1143 624 post
1182 562 1349 610 festum
1384 561 1529 609 sancti
1564 561 1807 619 Michaelis,

417 641 703 705 principibus
730 638 949 702 predictis
975 655 1080 685 cum
1101 638 1328 701 aliquibus
1348 638 1535 701 prelatis
1562 638 1812 700 multisque

416 718 644 764 nobilibus
659 716 704 763 in
720 715 891 778 capella
902 716 1025 779 regis
1037 715 1235 762 Parisius
1246 715 1554 779 congregatiS,
1566 731 1649 760 rex
1661 715 1812 777 palam

416 793 519 840 fecit
539 807 803 854 proponere
822 791 948 853 quod
969 791 1236 838 intendebat
1262 807 1349 853 pro
1367 796 1490 837 terre
1518 795 1676 837 sancte
1702 790 1812 837 sub-

417 867 532 915 sidio
553 866 852 914 transfretare
879 866 1212 929 custodemque
1233 866 1363 930 regni
1391 866 1623 913 dimittere
1646 866 1814 914 Johan-

416 959 523 991 nem
557 943 917 1007 primogenitum
953 959 1088 991 suum
1123 959 1294 990 annum
1328 948 1549 1005 quartum
1581 942 1813 990 decimum

408 1020 505 1083 jam
529 1026 759 1084 agentem,
789 1036 960 1084 rogans
985 1036 1066 1066 eos
1094 1025 1143 1067 ut
1169 1019 1228 1067 ad
1256 1024 1571 1066 sacrosanctas
1597 1019 1814 1081 reliquias

413 1097 618 1160 jurarent
656 1096 697 1142 ei
732 1095 1044 1143 obedientiam
1070 1095 1341 1158 impendere
1369 1101 1590 1157 tanquam
1623 1094 1813 1141 domino

415 1177 461 1219 et
494 1172 653 1219 heredi
694 1177 741 1219 et
780 1171 818 1219 si
860 1172 1013 1235 ipsum
1051 1171 1340 1235 contingeret
1378 1171 1424 1217 in
1459 1171 1532 1217 via
1567 1169 1811 1227 decedere,

416 1250 586 1312 ipsum,
610 1248 886 1312 quamcitius
911 1254 1120 1311 possent,
1151 1248 1197 1294 in
1221 1264 1381 1311 regem
1407 1247 1596 1294 Francie
1622 1263 1816 1294 corona-

417 1331 536 1373 rent.
567 1325 699 1383 Quod
725 1342 887 1373 omnes
905 1330 1001 1371 tam
1027 1323 1191 1387 prelati
1220 1340 1359 1387 quam
1387 1323 1604 1380 barones,
1626 1324 1816 1371 elevatis

417 1401 647 1458 manibus,
687 1402 978 1466 juraverunt,
1017 1405 1178 1463 postea
1216 1416 1303 1462 pro
1341 1416 1392 1447 se
1421 1399 1590 1462 juravit
1624 1399 1816 1462 quilibet

416 1478 526 1526 illud
554 1478 696 1526 idem.

925 1580 966 1625 M
988 1577 1088 1625 CCC
1104 1578 1310 1624 XXXIII.

482 1712 612 1759 73-d.
643 1739 706 1746 —
734 1712 866 1758 Anno
889 1710 1068 1757 Domini
1097 1710 1148 1757 M⁰
1172 1708 1276 1758 000ο
1293 1708 1478 1764 xxxi11⁰‚
1510 1714 1616 1772 post
1643 1708 1813 1755 festum

421 1789 564 1837 sancti
591 1787 839 1843 Michaelis,
870 1786 1089 1843 Parisius,
1118 1786 1165 1832 in
1188 1789 1325 1833 Prato
1350 1785 1639 1841 clericorum,
1669 1784 1818 1832 archi-

417 1866 640 1928 episcopo
671 1863 1034 1926 Rothomagensi
1065 1878 1328 1909 sermonem
1362 1861 1420 1908 de
1453 1859 1818 1925 crucesignando

417 1942 590 2004 populo
618 1940 824 1996 faciente,
854 1955 939 1986 rex
964 1938 1202 2001 Philippus
1221 1954 1328 1985 cum
1352 1936 1674 1985 innumerabili
1701 1936 1819 1983 mul-

417 2017 614 2065 titudine
640 2016 816 2080 populi,
844 2031 1029 2062 crucem
1051 2014 1319 2078 assumpsit.
1350 2013 1452 2060 Fuit
1484 2013 1623 2060 etiam
1648 2013 1693 2059 in
1720 2018 1819 2059 toto

418 2110 564 2158 regno
584 2092 794 2140 similiter
814 2091 1081 2138 ordinatum
1099 2098 1149 2138 ut
1174 2107 1291 2138 crux
1310 2089 1629 2153 predicaretur
1646 2089 1819 2151 ubique

419 2185 674 2232 omnesque
703 2167 1007 2231 crucesignati
1038 2167 1188 2230 parati
1221 2171 1374 2214 essent
1400 2183 1425 2212 a
1451 2181 1610 2212 mense
1636 2164 1819 2228 augusti

419 2251 651 2293 transacto
693 2245 739 2292 in
781 2243 929 2291 tribus
969 2243 1100 2291 annis
1139 2243 1185 2290 in
1223 2242 1409 2289 nomine
1445 2241 1627 2289 Domini
1666 2246 1820 2288 trans·-

421 2322 610 2369 fretare.

485 2398 564 2445 74.
594 2425 657 2432 —
682 2399 732 2443 In
764 2395 964 2443 crastino
991 2394 1284 2442 Ascensionis
1313 2393 1492 2442 Domini
1525 2393 1607 2440 fuit
1635 2392 1820 2456 eclipsis

420 2474 528 2522 solis
568 2472 701 2520 valde
743 2488 910 2536 magna
951 2476 1060 2534 post
1097 2470 1360 2527 meridiem,
1403 2485 1488 2532 per
1528 2468 1644 2516 duas
1681 2468 1820 2515 horas

423 2551 618 2598 durans.

489 2630 615 2674 75-3.
645 2653 709 2662 -
733 2626 848 2672 Cum
881 2624 1014 2687 quasi
1049 2623 1282 2687 sopiretur
1306 2628 1352 2670 et
1383 2621 1515 2685 quasi
1543 2620 1694 2684 sopita
1719 2637 1819 2668 cre-

425 2703 615 2750 deretur
634 2718 754 2765 pape
772 2700 990 2749 Johannis
1008 2700 1262 2763 predicatio
1283 2698 1547 2761 supradicta
1566 2697 1625 2744 de
1643 2696 1820 2744 visione

428 2782 579 2837 beata,
602 2778 783 2842 publice
797 2783 950 2824 tamen
961 2776 1201 2832 Avinione‚
1216 2776 1276 2823 ob
1298 2776 1504 2822 favorem
1520 2774 1688 2821 summi
1702 2776 1821 2820 Pon-
