2060 3345
310 343 373 379 156
543 345 748 378 RICHARDI
776 343 902 375 SCOTI
929 341 1135 374 CHRONIGI
1165 340 1470 374 CONTINUATIO.
1593 338 1696 384 [1363

302 423 520 471 cadentes
540 424 585 469 in
606 427 740 486 parte
763 420 965 468 maxima
990 419 1036 467 in
1063 437 1181 483 aqua
1204 419 1566 484 profundissima
1591 421 1700 469 sub·

304 499 444 548 mersi
471 498 621 547 sunm.

834 599 875 644 M
897 597 997 644 CCC
1017 599 1171 644 LXIII.

369 712 478 756 335.
508 736 572 743 —
597 709 730 755 Anno
757 707 936 755 Domini
975 706 1027 754 M⁰
1047 706 1153 755 000ο
1170 706 1315 763 LX111⁰‚
1346 706 1502 754 multis
1539 706 1703 755 diebus

301 792 405 834 ante
432 791 478 833 et
505 790 611 848 post
638 784 807 831 festum
833 786 998 831 Sancte
1024 783 1274 838 Trinitatis,
1298 784 1412 830 hora
1432 783 1519 831 diei
1546 785 1699 841 tertia,

302 862 379 910 ubi
397 862 465 910 sol
482 862 526 908 in
545 860 738 908 meridie
750 860 908 907 radios
919 859 1143 917 extendit,
1159 860 1361 922 quedam
1378 860 1506 907 stella
1521 860 1703 908 modice

299 938 568 1002 apparentie
594 937 693 984 visa
727 936 812 984 fuit
837 953 946 999 que,
978 936 1235 984 secundum
1267 937 1527 1000 astrologos
1553 942 1598 983 et
1624 937 1702 999 qui

299 1033 357 1062 ex
383 1014 666 1062 naturalibus
698 1013 848 1060 causis
879 1019 1074 1060 eventus
1107 1013 1289 1060 futuros
1323 1012 1699 1075 prenuntiabant,

298 1090 680 1154 periclitationem
706 1105 1004 1136 communem
1040 1088 1287 1136 mulierum
1323 1089 1369 1136 in
1396 1093 1533 1151 partu
1560 1089 1704 1136 deno-

298 1167 441 1214 tabat.
471 1170 564 1214 Hec
589 1171 745 1212 tamen
772 1170 818 1212 et
839 1165 942 1227 plus
963 1164 1227 1227 stupenda2
1253 1164 1390 1228 hujus
1413 1165 1541 1212 stelle
1561 1183 1705 1228 appa-

299 1244 513 1290 ritionem
534 1247 641 1289 sunt
668 1246 847 1297 secuta3
877 1257 984 1288 nam
1010 1258 1035 1288 a
1054 1240 1170 1304 junii
1199 1240 1373 1287 mensis
1399 1241 1529 1288 initio
1555 1258 1704 1304 usque

299 1320 356 1367 ad
393 1320 562 1367 festum
595 1318 747 1366 Sancti
779 1321 898 1365 Luce
929 1323 1023 1364 tam
1057 1316 1158 1364 dira
1190 1317 1337 1380 viguit
1370 1317 1626 1365 mortalitas
1659 1323 1704 1365 et

300 1396 559 1459 specialiter
589 1411 845 1458 puerorum
875 1394 1120 1456 utriusque
1156 1410 1295 1441 sexus
1330 1400 1376 1441 et
1401 1394 1626 1458 juvenum
1659 1400 1705 1441 et

299 1474 402 1536 plus
437 1472 647 1519 virorum
673 1488 813 1534 quam
848 1470 1096 1518 mulierum
1122 1470 1250 1533 quod
1284 1476 1384 1517 erat
1421 1470 1705 1533 stupendum

299 1550 401 1596 visu
428 1554 474 1595 et
499 1548 675 1595 auditu.
707 1550 848 1595 Senes
880 1547 1036 1603 etiam,
1067 1546 1202 1609 pauci
1237 1555 1427 1609 aspectu
1459 1547 1700 1610 juvenum,

301 1625 515 1672 obierunt
541 1625 663 1671 unde
694 1624 881 1686 quando
907 1623 1053 1687 pestis
1078 1623 1154 1670 illa
1178 1628 1522 1686 apostematum
1547 1624 1705 1686 hospi-

300 1702 415 1748 tium
433 1700 648 1763 aliquod3
664 1700 972 1757 subintrabat,
995 1700 1148 1763 primo
1170 1700 1488 1747 moriebantur
1508 1699 1704 1747 infantes

300 1776 471 1831 tenelli,
502 1775 670 1823 deinde
696 1775 867 1822 familia
893 1780 940 1822 et
971 1780 1188 1838 parentes
1219 1774 1291 1822 vel
1327 1775 1443 1822 alter
1468 1791 1632 1822 eorum
1658 1781 1703 1822 et

302 1852 428 1914 quod
454 1852 625 1898 mirum
651 1856 766 1908 erat,
790 1850 928 1898 hodie
954 1856 1087 1897 erant
1111 1850 1208 1897 sani
1236 1856 1281 1897 et
1300 1850 1490 1914 jocundi
1516 1856 1562 1897 et
1585 1850 1704 1897 infra

299 1928 506 1975 triduum
522 1928 595 1974 vel
611 1926 806 1974 biduum
824 1927 1112 1974 decedebant
1127 1945 1137 1983 3
1155 1932 1201 1973 et
1216 1932 1266 1974 ut
1282 1928 1341 1974 de
1359 1943 1555 1974 numero
1570 1927 1705 1974 dece-

299 2004 509 2051 dentium
530 2008 764 2049 taceamus
784 2003 861 2065 qui
883 2008 1038 2049 sancta
1064 2003 1224 2065 requie
1247 2003 1564 2066 perfruantur,
1594 2009 1704 2051 tunc

299 2080 423 2126 viam
441 2079 657 2126 universe
677 2079 828 2126 carnis
847 2079 1086 2142 ingressus
1108 2079 1214 2142 [est]
1237 2079 1453 2126 dominus
1472 2079 1704 2127 Johannes

300 2156 358 2203 de
384 2156 621 2211 Merlento,
656 2156 927 2203 Parisiensis
959 2156 1224 2218 episcopus,
1254 2156 1326 2202 vir
1348 2156 1508 2219 utique
1538 2156 1704 2203 nobilis

300 2238 346 2280 et
376 2232 621 2288 discretus,
657 2248 777 2278 anno
806 2232 1103 2295 pontificatus
1137 2232 1206 2278 sui
1243 2231 1343 2288 X11⁰‚
1379 2232 1451 2279 cui
1482 2232 1704 2280 successit

300 2308 516 2356 dominus
555 2307 814 2370 Stephanus
849 2308 907 2355 de
943 2308 1159 2363 Parisius‚
1193 2307 1361 2355 doctor
1397 2309 1443 2355 in
1482 2309 1698 2367 decretis,

300 2383 568 2432 Parisiensis
593 2384 838 2432 decanus&

348 2515 383 2550 1.
407 2513 506 2550 Tout
527 2523 569 2549 ce
590 2512 685 2550 recit
698 2517 756 2549 est
777 2513 973 2550 conforme
993 2513 1015 2550 a
1036 2513 1136 2551 celui
1157 2513 1203 2550 de
1223 2513 1322 2550 Jean
1343 2513 1389 2550 de
1406 2513 1571 2551 Venette
1594 2516 1631 2560 (t.
1650 2515 1700 2562 ΙΙ,

300 2572 482 2666 Ροῖἒῖρῖζὲὲ.
506 2631 713 2675 stupendia.

350 2689 383 2725 3.
406 2688 478 2724 Ms.
501 2691 657 2734 aliquot.

349 2748 383 2784 4.
406 2747 510 2784 Pour
528 2752 612 2784 tout
632 2759 675 2785 ce
695 2758 871 2795 passage,
894 2748 976 2785 voir
994 2748 1093 2784 Jean
1113 2749 1158 2786 de
1174 2749 1340 2786 Venette
1363 2750 1644 2795 (Continuateur
1662 2752 1703 2785 de

305 2807 517 2843 Guillaume
537 2808 577 2843 de
597 2808 747 2852 Ncqu's,
768 2812 795 2843 t.
819 2807 868 2853 ΙΙ,
891 2818 928 2854 p.
952 2807 1133 2854 325-327).

2053 380 2057 402 ῳ
2050 327 2057 371 ‹·--
2050 239 2058 323 nan-sn
2051 218 2055 233 ο
