2060 3345
373 321 438 357 120
607 321 809 354 RICHARDI
840 319 966 351 SCOTI
995 318 1202 351 CHRONICI
1230 318 1537 350 CONTINUATIO.
1662 315 1765 361 [1357

369 402 500 449 dam¹
533 401 589 447 de
616 416 696 446 sua
722 398 864 453 curia,
896 397 953 445 de
979 413 1178 460 quorum
1210 397 1400 444 consilio
1427 402 1496 443 tot
1521 397 1638 443 mala
1662 414 1762 444 cre-

369 478 541 524 debant
583 474 860 539 procedere,
906 473 965 521 de
1012 473 1164 520 medio
1210 474 1498 521 tollerentur.
1542 477 1666 520 Tunc
1706 474 1763 521 ad

369 555 543 601 facinus
570 550 952 615 perpetrandum,
976 557 1097 597 XXIIa
1123 550 1196 597 die
1222 550 1393 597 mensis
1413 549 1649 606 februarii,
1678 550 1764 596 tria

367 630 489 676 milia
510 629 717 675 virorum
738 633 1024 673 armatorum
1042 627 1422 690 congregantes‘2,
1447 625 1666 688 palatium
1691 642 1765 672 re-

367 707 466 769 gale
493 704 726 768 petierunt
753 709 797 749 et
819 703 972 765 primo
999 702 1279 765 quemdam3
1307 701 1583 748 advocatum
1611 700 1760 764 regni,

367 781 550 828 nomine
592 779 895 843 Reginaldum
935 779 1115 835 d’Arci,
1161 778 1218 825 de
1256 778 1426 841 palatio
1467 777 1523 824 ad
1573 777 1764 824 domum

367 874 498 906 suam
532 857 823 911 tendentem,
867 855 1079 918 nequiter
1118 854 1405 911 occidentes,
1442 854 1561 901 circa
1601 853 1762 900 horam

366 934 456 981 diei
473 932 657 980 tertiam
672 932 925 979 thalamum
940 931 1115 978 domini
1134 931 1265 978 ducis
1281 930 1558 977 introierunt
1579 929 1760 976 armati.

364 1014 508 1068 Quem
529 1025 635 1056 cum
664 1008 963 1071 perterritum
989 1007 1257 1071 prepositus
1284 1007 1441 1053 multis
1468 1005 1624 1053 verbis
1651 1005 1764 1051 leni-

365 1086 451 1132 bus
468 1089 796 1139 assecurasset,
818 1083 1020 1130 inferens
1040 1088 1196 1129 tamen
1214 1082 1299 1128 ista
1318 1081 1461 1128 verba
1486 1098 1495 1126 :
1528 1100 1546 1124 a
1571 1080 1763 1126 Domine

364 1162 427 1209 mi
453 1162 566 1217 dux,
597 1160 736 1207 nolite
764 1174 1075 1221 expavescere
1110 1174 1216 1205 nam
1243 1174 1327 1205 nos
1358 1157 1583 1204 habemus
1613 1157 1763 1219 aliqua

363 1237 529 1301 exequi
557 1237 601 1283 in
621 1237 709 1283 hoc
733 1236 853 1291 loco,
882 1254 901 1278 >³
929 1235 1093 1281 ceteris
1117 1234 1300 1298 signum
1321 1233 1466 1290 dedit,
1493 1233 1589 1296 qui,
1619 1232 1764 1296 proti-

365 1332 449 1361 nus
481 1313 606 1360 ferali
638 1312 765 1359 rabie
797 1313 842 1358 in
877 1311 1118 1358 dominum
1154 1310 1409 1359 Johannem
1439 1309 1496 1356 de
1528 1310 1759 1365 Conssans,

365 1390 684 1437 marescallum
716 1387 982 1451 Campanie,
1012 1394 1123 1434 tunc
1156 1387 1400 1442 inermem,
1427 1386 1559 1449 juxta
1593 1385 1763 1432 lectum

364 1467 494 1515 ducis
521 1466 787 1521 instantem,
821 1480 874 1511 ac
902 1463 1041 1510 etiam
1076 1463 1120 1509 in
1152 1462 1393 1510 dominum
1422 1462 1680 1510 Robertum
1706 1461 1764 1508 de

365 1543 674 1597 Claromonte,
705 1540 1025 1587 marescallum
1043 1539 1252 1595 Francie,
1277 1538 1355 1601 qui
1379 1539 1423 1584 in
1451 1538 1765 1601 propinquam

364 1635 596 1667 cameram
637 1618 820 1682 fugerat
856 1617 1211 1663 insurrexerunt
1250 1623 1296 1662 et
1336 1632 1416 1661 eos
1454 1614 1765 1661 inhumaniter

364 1696 650 1744 occiderunt.
680 1694 902 1741 Dominus
928 1692 1024 1740 dux
1050 1708 1155 1739 cum
1182 1707 1348 1755 magna
1375 1691 1604 1738 anxietate
1622 1691 1763 1737 animi

363 1773 451 1820 hoc
484 1771 719 1827 cernebat,
755 1786 899 1833 quare
934 1768 1021 1816 sibi
1052 1768 1141 1831 ipsi
1176 1768 1342 1814 timens
1378 1784 1464 1830 pro
1500 1767 1646 1814 salute
1683 1784 1763 1814 sua

363 1847 655 1911 prepositum
691 1844 918 1900 exoravit,
961 1843 1058 1906 qui,
1098 1843 1154 1890 ad
1191 1843 1415 1907 majorem
1448 1843 1758 1898 securitatem,

363 1924 483 1969 inter
514 1923 669 1984 ipsum
701 1926 747 1966 et
779 1920 947 1967 ducem
982 1918 1183 1981 capuciis
1211 1918 1524 1974 commutatis,
1565 1933 1763 1980 corpora

362 1999 711 2046 interfectorum
736 1997 854 2043 trabi
889 1995 994 2043 fecit
1022 2012 1168 2058 usque
1195 1995 1252 2041 ad
1282 2000 1532 2057 petronum
1561 2011 1764 2041 marmo-

363 2092 494 2122 reum
528 2075 691 2121 subtus
724 2073 897 2136 gradus
928 2072 1101 2135 palatii,
1132 2071 1421 2118 horrendum
1448 2070 1761 2134 spectaculum

364 2152 422 2199 de
455 2167 618 2198 eorum
648 2149 898 2197 cruentatis
932 2148 1210 2211 corporibus
1240 2147 1476 2194 facientes.
1515 2147 1626 2194 Inde
1657 2164 1764 2210 pre-

365 2228 543 2291 positus
559 2227 717 2273 adiens
738 2226 793 2272 ad
822 2226 1021 2288 plateam
1042 2225 1225 2280 Gravie,
1250 2241 1372 2280 cum,
1397 2224 1567 2270 factum
1589 2223 1763 2286 populo

365 2319 575 2359 narrans,
599 2307 829 2349 assereret
855 2301 981 2364 quod
997 2306 1194 2364 propter
1214 2300 1389 2347 bonum
1410 2316 1655 2347 commune
1677 2299 1764 2345 hoc

365 2385 684 2443 perpetratum
711 2378 860 2425 fuerat
885 2384 931 2423 et
952 2376 1259 2439 persuasisset
1282 2381 1332 2423 ut
1359 2375 1534 2422 facinus
1559 2375 1764 2438 nephan-

365 2456 608 2504 dissimum
651 2454 993 2517 approbarent,
1037 2452 1094 2499 ad
1138 2452 1305 2499 ducem
1346 2451 1531 2499 rediens
1572 2458 1618 2498 et
1657 2468 1764 2498 eum

365 2532 631 2580 confortans
663 2531 781 2578 dixit
806 2530 931 2592 quod
964 2527 1191 2576 interfecti
1224 2533 1355 2575 erant
1388 2527 1578 2591 pessimi
1604 2527 1764 2590 prodi-

415 2693 448 2726 1.
472 2691 542 2725 Ms.
564 2691 722 2734 quidem.

414 2750 448 2785 ⁶2.
473 2749 545 2784 Ms.
569 2758 805 2792 conyreyans.

418 2808 450 2842 3.
475 2807 545 2841 Ms.
567 2807 775 2851 quamdam.
