2060 3345
404 328 543 375 xxxviij
929 329 1265 361 INTRODUCTION.

460 412 521 454 La
553 410 684 454 meme
711 410 864 460 annee,
901 410 1087 465 supplice
1117 408 1335 465 d'Hugues
1368 408 1417 450 de
1448 408 1606 463 Crucy,
1644 409 1795 451 ancien

400 487 546 543 prevot
563 489 612 530 de
633 489 755 531 Paris
780 501 787 528 :

460 582 481 603 «
504 565 595 606 Hoc:
615 578 746 614 anno,
778 564 979 619 vigesima
1005 563 1142 618 prima
1168 562 1233 604 die
1252 563 1369 618 julii,
1400 563 1442 603 in
1470 561 1614 617 vigilia
1652 565 1796 603 sancte

399 642 534 683 Marie
566 640 833 695 Magdalene‚
866 643 907 681 et
938 643 1029 681 erat
1058 639 1158 689 dies,
1193 640 1319 694 Hugo
1351 639 1400 680 de
1428 638 1630 680 Crusiaoo
1659 638 1792 687 miles,

400 718 569 759 natione
589 717 858 772 Burgundus,
883 716 953 771 qui
974 715 1110 757 fuerat
1129 717 1364 771 prepositus
1383 715 1573 758 Par-isius
1593 718 1633 755 et
1652 718 1795 769 postea

398 794 440 834 in
463 806 634 835 numero
654 793 953 848 magistrorum
974 793 1131 848 regalis
1151 793 1298 847 palatii
1319 792 1657 834 sublimatus...¹.
1685 808 1707 830 »

458 886 478 907 ‹<
503 870 551 911 In
579 870 727 925 vigilia
755 869 1007 924 Magdalene
1036 883 1115 924 que
1147 869 1225 910 fuit
1251 868 1315 910 die
1343 869 1568 918 dominica,
1592 868 1718 923 Hugo
1747 867 1797 909 de

395 946 614 995 Crusiaoo,
654 945 794 995 miles,
840 947 1011 988 natione
1049 945 1327 1001 Burgundus,
1372 944 1526 986 dudum
1562 945 1797 1000 prepositus

396 1023 587 1065 Parisius
606 1022 878 1077 dominusque
899 1026 1039 1077 postea
1062 1022 1378 1064 Parlamenti...
1396 1022 1427 1062 ⁴2.
1454 1038 1476 1059 »

457 1116 477 1138 «
502 1101 622 1149 Item,
648 1099 689 1141 13
718 1099 842 1140 veille
870 1099 920 1140 de
945 1099 985 1141 13
1014 1099 1282 1154 Magdaleine
1307 1099 1547 1148 ensuivaut,
1572 1098 1643 1152 qui
1670 1097 1714 1139 fu
1739 1110 1796 1139 au

395 1175 625 1225 dimenche,
655 1176 829 1231 Hugues
854 1175 903 1217 de
928 1174 1082 1231 Crusy,
1116 1175 1342 1223 chevalier,
1373 1173 1424 1216 ne
1448 1174 1498 1216 de
1523 1176 1792 1230 Bourgogne,

393 1252 529 1307 lequel
549 1252 667 1294 avoit
685 1250 771 1293 este
792 1252 954 1293 n’avoit
969 1251 1097 1307 guere
1113 1250 1283 1307 prevost
1299 1251 1348 1293 de
1368 1252 1492 1293 Paris
1511 1255 1552 1293 et
1570 1250 1693 1306 apres
1713 1251 1796 1292 sei-

395 1342 530 1385 gneur
550 1328 600 1370 de
619 1328 902 1371 Parlementss.
929 1345 950 1366 »

455 1407 518 1447 En
539 1405 669 1455 1337,
692 1403 927 1460 repression
949 1404 1048 1446 d’un
1070 1403 1354 1446 soulevement
1380 1404 1451 1445 des
1468 1404 1697 1445 Flamands
1717 1417 1796 1459 par

393 1481 583 1537 l’eveque
602 1482 651 1523 de
670 1482 804 1524 Senlis
823 1486 864 1523 et
880 1479 1016 1523 l’abbe
1033 1480 1082 1522 de
1101 1479 1385 1530 Saint-Remi,
1403 1480 1463 1522 dit
1473 1481 1514 1523 13
1534 1481 1795 1523 Continua-

394 1560 491 1601 τίθη
514 1560 572 1601 de
595 1558 866 1602 Guillaume
897 1559 955 1600 de
976 1558 1173 1613 Nangyis,
1201 1571 1280 1612 par
1298 1556 1488 1612 l'eveque
1514 1557 1563 1598 de
1592 1557 1727 1599 Senlis
1755 1562 1796 1599 et

392 1634 531 1678 l'abbe
549 1635 599 1677 de
618 1635 907 1685 Saint-Denis,
931 1634 1066 1676 disent
1078 1633 1265 1676 Richard
1285 1634 1435 1676 Lescot
1448 1638 1488 1675 et
1501 1633 1560 1675 les
1580 1635 1794 1677 Grandes

397 1712 686 1766 Chroniques
699 1715 727 1753 ⁴¹.

452 1790 489 1830 A
523 1787 614 1831 cote
645 1789 694 1830 de
723 1802 791 1830 ces
820 1788 938 1838 faits,
977 1786 1213 1844 egalement
1242 1785 1464 1843 rapportes
1495 1800 1572 1843 par
1603 1788 1663 1829 les
1692 1788 1795 1830 trois

394 1870 542 1915 textes,
568 1866 673 1907 mais
690 1878 795 1907 aveo
811 1865 882 1907 des
901 1865 1120 1906 variantes
1141 1864 1234 1919 plus
1254 1877 1306 1905 ou
1328 1865 1462 1906 moins
1483 1864 1680 1920 grandes,
1700 1864 1728 1905 il
1742 1878 1792 1905 en

393 1947 454 1985 est
473 1942 659 1984 d’autres
679 1955 759 1997 que
780 1942 866 1983 l’on
889 1955 939 1982 ne
956 1945 1105 1983 trouve
1125 1955 1204 1996 que
1223 1941 1329 1982 dans
1350 1941 1437 1982 l'un
1462 1954 1515 1982 ou
1541 1940 1644 1982 dans
1664 1940 1790 1990 deux,

392 2024 432 2060 et
451 2019 552 2060 dont
570 2018 777 2060 l'examen
795 2018 966 2060 oonduit
983 2031 1071 2059 aux
1086 2016 1238 2058 memes
1256 2017 1534 2059 conclusions.
1555 2016 1665 2059 C’est
1685 2017 1794 2058 ainsi

393 2097 522 2151 qu’un
543 2096 705 2137 certain
721 2095 892 2136 nombre
906 2092 1214 2135 d'evenements
1232 2098 1461 2149 manquent
1474 2093 1580 2135 dans
1597 2094 1656 2135 les
1672 2093 1794 2137 Con-

393 2172 649 2214 tinuations
670 2172 726 2213 de
755 2171 1022 2214 Guillaume
1050 2172 1108 2213 de
1138 2170 1316 2226 Nanyis
1346 2175 1386 2211 et
1410 2184 1460 2211 ne
1486 2183 1529 2211 se
1550 2174 1794 2212 retrouvent

393 2262 473 2304 que
498 2249 603 2290 dans
630 2248 845 2291 Riclzard
874 2248 1040 2290 Lescot
1072 2251 1112 2288 et
1145 2246 1203 2288 les
1233 2246 1446 2289 Grandes
1481 2247 1788 2301 Chroniques.

393 2326 538 2368 Citons
586 2329 866 2373 notamment,
925 2337 978 2365 en
1031 2323 1168 2373 1336,
1220 2324 1260 2365 le
1309 2323 1665 2365 renouvellement
1713 2337 1792 2378 par

392 2388 591 2444 Edouard
610 2402 673 2443 ΙΙΙ
694 2401 764 2442 des
780 2399 927 2442 traites
946 2400 1044 2442 faits
1064 2414 1168 2442 aveo
1185 2401 1227 2442 13
1253 2401 1418 2442 France
1436 2399 1581 2455 depuis
1598 2400 1791 2455 Philippe

442 2560 474 2594 1.
500 2559 764 2595 continuatim
785 2559 825 2593 cle
845 2558 1055 2594 Guillaume
1074 2560 1115 2593 cle
1134 2559 1286 2603 Nanyz's,
1311 2562 1337 2593 t.
1360 2556 1413 2603 ΙΙ,
1435 2568 1470 2603 p.
1495 2557 1575 2593 153.

440 2617 473 2652 ⁶2.
498 2617 656 2653 Richard
678 2617 801 2657 Lescot,
826 2628 861 2662 p.
889 2616 945 2651 41.

442 2676 475 2711 3.
499 2676 658 2711 Grandes
680 2676 911 2718 Chroniques,
937 2680 963 2710 t.
988 2673 1035 2719 V,
1060 2686 1093 2720 p.
1117 2674 1289 2711 365-366.

442 2735 474 2769 4.
499 2736 761 2769 Continuation
781 2735 821 2768 de
841 2734 1051 2769 Gutllaume
1070 2735 1110 2768 de
1130 2736 1284 2778 Nanyis,
1304 2739 1329 2769 t.
1346 2732 1397 2777 ΙΙ,
1415 2744 1448 2779 p.
1468 2733 1532 2769 159
1546 2743 1555 2778 3
1571 2753 1617 2759 --
1631 2734 1791 2769 Richard

399 2794 521 2833 Lescot,
546 2803 581 2838 p.
606 2792 673 2837 46,
697 2812 741 2817 —
762 2792 923 2827 Grandes
947 2791 1180 2836 chronique&
1205 2795 1230 2826 t.
1255 2790 1304 2836 V,
1328 2802 1361 2838 p.
1383 2791 1463 2827 373.
