2060 3345
235 312 340 358 1331]
604 313 811 347 RIGHARDI
839 312 965 345 SGOTI
993 310 1260 345 CHRONICON.
1587 308 1631 344 ΞΕ)

230 396 291 442 tia
315 396 359 442 in
388 395 678 442 Parlamento
704 393 828 458 regis
848 409 936 456 pro
957 393 1074 440 duce
1098 390 1364 456 Burgundie
1385 407 1472 454 pro
1492 391 1631 437 comi-

230 478 328 520 tatu
343 472 570 519 Attrabati
586 476 746 519 contra
764 470 1005 517 dominum
1022 469 1280 517 Robertum
1297 468 1354 515 de
1369 467 1627 525 Attrabato,

230 549 447 596 comitem
472 547 755 596 Bellimontis
787 546 834 592 in
859 544 1158 592 Normannia.
1198 548 1312 591 Nam
1340 544 1490 592 littere
1516 562 1633 608 quas

231 624 413 672 dicebat
451 640 500 671 se
538 623 669 686 quasi
711 621 987 668 miraculose
1025 620 1256 683 reperisse
1300 620 1485 667 invente
1526 625 1633 667 sunt

230 700 360 747 false.
384 699 515 747 Unde
534 705 668 762 capta
691 705 762 746 est
783 697 986 761 quedam
1010 696 1252 743 domicella
1276 713 1366 758 que
1388 696 1633 743 falsitatem

229 776 402 823 fecerat
433 776 549 823 sicut
582 776 780 839 ipsamet
806 773 1095 838 recognovit,
1125 772 1410 836 modumque
1437 772 1633 820 faciendi

231 852 533 915 placandique
550 852 749 917 sigillum
769 867 927 899 coram
944 866 1054 914 rege
1072 849 1260 896 Francie
1276 849 1631 897 demonstravit.

230 931 400 992 Captus
414 935 484 976 est
498 929 637 976 etiam
659 928 847 991 quidam
869 926 1151 991 predicator,
1177 925 1415 973 confessor
1436 925 1636 988 predicti

231 1006 405 1053 domini
423 1006 633 1055 Roberti.
655 1006 773 1052 Misit
794 1005 933 1052 etiam
952 1021 1034 1050 rex
1055 1003 1247 1050 nuncios
1266 1003 1322 1050 ad
1344 1004 1634 1066 querendum

230 1082 448 1129 abbatem
483 1081 540 1129 de
571 1081 821 1144 Verseleyo
853 1079 932 1142 qui
969 1085 1213 1142 suspectus
1244 1084 1342 1125 erat
1377 1079 1512 1141 hujus
1547 1078 1636 1124 cri-

230 1157 382 1213 minis,
403 1158 658 1205 multorum
675 1157 831 1213 etiam,
857 1162 907 1203 ut
922 1155 1108 1210 dicitur,
1131 1155 1343 1201 aliorum.
1368 1155 1451 1212 Qui
1474 1171 1522 1201 se
1541 1160 1634 1201 tam

230 1234 320 1280 cito
347 1233 607 1281 absentavit
632 1250 685 1280 ac
717 1232 826 1297 fuge
852 1231 1059 1295 presidio
1086 1248 1134 1279 se
1162 1231 1372 1278 salvavit.
1403 1230 1634 1279 Robertus

229 1327 342 1358 vero
369 1310 624 1373 predictus,
655 1309 921 1357 licenciatus
947 1326 971 1355 a
997 1325 1107 1372 rege
1127 1313 1173 1355 et
1188 1307 1505 1364 obtimatibus,
1527 1324 1633 1354 cum

230 1387 499 1435 confusione
520 1387 748 1434 discessit.

298 1472 427 1533 59-9.
458 1498 521 1505 —-
553 1469 791 1533 Burgundi
827 1468 886 1516 de
923 1468 1043 1515 ultra
1068 1470 1287 1524 Sonnam,
1318 1467 1377 1514 de
1411 1467 1630 1514 comitatu

230 1547 444 1594 videlicet
476 1545 760 1610 Burgundic,
796 1551 957 1592 contra
988 1545 1154 1592 ducem
1188 1543 1453 1608 Burgundie
1482 1544 1632 1591 rebel-

229 1624 394 1679 lantes,
425 1623 693 1686 homagium
730 1622 814 1670 sibi
848 1622 999 1669 facere
1032 1622 1296 1677 noluerunt,
1333 1637 1440 1668 cum
1477 1627 1633 1668 tamen

230 1700 409 1747 ratione
450 1699 609 1746 uxoris
649 1715 730 1746 sue
772 1697 858 1745 sibi
900 1697 1145 1744 comitatus
1191 1696 1458 1743 deberetur.
1506 1696 1636 1744 Unde

228 1777 445 1840 utrinque
472 1776 523 1822 fit
553 1775 819 1838 preparatio
845 1774 903 1822 ad
934 1774 1106 1821 bellum
1140 1773 1435 1835 maximaque
1466 1789 1638 1819 convo-

229 1854 347 1901 catio
386 1853 608 1900 nobilium
643 1858 689 1898 et
725 1856 988 1915 potentum.
1031 1851 1139 1905 Sed,
1177 1867 1286 1914 rege
1321 1850 1510 1897 Francie
1543 1866 1640 1896 mc-

229 1931 402 1986 diante,
433 1947 525 1993 pax
547 1929 630 1976 fuit
650 1929 771 1975 inter
792 1929 921 1991 ipsos
941 1927 1140 1975 finaliter
1157 1927 1425 1983 reformata,
1452 1926 1640 1973 venien-

227 2014 394 2070 tesque
420 2006 478 2054 ad
505 2006 604 2070 ejus
632 2006 919 2070 homagium,
957 2006 1109 2068 ipsum
1141 2020 1247 2052 cum
1273 2020 1422 2051 uxore
1447 2020 1527 2051 sua
1554 2020 1639 2067 per

230 2084 440 2132 civitates
460 2089 505 2130 et
525 2089 675 2130 castra
698 2083 846 2146 patrie
867 2082 1166 2138 associantes,
1194 2087 1243 2128 ut
1266 2081 1507 2128 dominum
1530 2098 1639 2144 pro-

231 2161 385 2225 prium
408 2166 704 2223 receperunt.

297 2247 375 2290 60.
391 2271 454 2278 -
467 2243 581 2305 Cap.
608 2241 860 2290 CLXXIIII
874 2257 918 2288 a.
936 2269 999 2277 —
1013 2243 1177 2289 Comes
1192 2240 1408 2288 Fusensis
1426 2257 1506 2288 seu
1524 2241 1638 2288 Fuxi

230 2326 428 2368 matrem
455 2336 604 2376 suam,
637 2334 848 2366 sororem
869 2318 1060 2366 Roberti
1088 2318 1146 2365 de
1167 2318 1408 2365 Attrabato
1436 2318 1639 2365 incarce-

230 2403 379 2444 ratam
395 2396 545 2443 tenuit
559 2395 604 2442 in
624 2394 829 2458 quodam
843 2400 995 2441 castro
1011 2411 1112 2452 suo,
1129 2394 1235 2458 quia
1253 2394 1299 2441 in
1317 2393 1636 2441 confusionem

231 2475 300 2522 sui
326 2473 559 2535 totiusque
585 2472 768 2536 generis
794 2471 932 2519 nimis
958 2471 1180 2519 effrenate
1208 2472 1420 2536 corporis
1451 2471 1518 2518 sui
1548 2471 1636 2517 las-

231 2550 396 2597 civiam
422 2548 707 2613 sequebatur
723 2548 758 2595 1.

282 2722 313 2756 1.
338 2721 482 2758 Gaston
512 2722 576 2769 1⁰¹⁸,
603 2727 727 2759 comte
755 2721 799 2757 dc
832 2721 938 2767 Foix,
967 2721 1070 2758 avait
1100 2722 1241 2769 cpouse
1272 2722 1422 2756 chtnue
1454 2720 1635 2759 d'Artois,

236 2780 400 2817 seconde
424 2781 498 2817 fille
521 2781 565 2817 de
587 2781 761 2829 Philippo
782 2779 968 2828 d'Artois,
991 2792 1038 2817 au
1060 2781 1159 2817 mois
1180 2779 1370 2816 d'octobrc
1394 2779 1496 2814 1301.
