2060 3345
243 308 347 353 1341]
611 310 817 343 RICHARDI
845 310 972 343 SCOTI
1000 310 1265 344 CHRONICON.
1604 314 1646 348 55

240 392 396 454 ipsum
422 392 565 438 frater
585 391 684 455 ejus
702 390 906 438 secundo
925 391 1108 455 genitus
1129 391 1421 448 decessisset,
1446 392 1482 439 si
1505 393 1647 440 habe-

239 474 312 516 ret
330 468 553 515 heredem
573 467 831 515 masculum
849 467 924 514 vel
946 468 1194 525 femellam,
1219 474 1326 516 ante
1343 485 1506 516 omnes
1532 470 1646 518 alios

240 545 407 592 fratres
440 545 744 592 hereditatem
777 543 988 591 haberet.
1025 544 1151 602 Ideo,
1184 546 1425 609 supposita
1451 563 1646 595 consue-

239 621 398 669 tudine
416 622 694 686 approbata,
715 620 899 668 dicebat
915 621 1093 668 ratione
1111 622 1271 669 uxoris
1289 639 1370 670 sue
1389 623 1474 670 sibi
1495 623 1646 671 domi-

239 699 366 746 nium
408 698 604 746 ducatus
646 697 824 745 deberi.
873 699 1038 745 Comes
1077 698 1218 762 igitur
1257 699 1559 747 Montisfortis
1600 701 1645 747 in

238 775 523 822 contrarium
556 775 621 822 sic
656 774 840 821 dicebat
881 792 889 820 ε
926 774 1053 821 Licet
1086 774 1173 821 ista
1206 776 1495 823 consuetudo
1525 777 1647 825 inter

239 869 329 898 non
364 852 543 899 nobiles
565 857 794 907 curreret,
824 856 978 898 tamen
1015 851 1136 898 inter
1162 851 1344 899 nobiles
1374 858 1420 899 et
1444 855 1646 901 maxime

236 928 474 992 principes
514 929 667 976 locum
709 928 895 992 penitus
935 945 1027 975 non
1074 927 1293 975 habebat„
1342 932 1399 976 Et
1438 929 1543 977 ideo
1586 932 1645 978 ad

236 1005 516 1053 audientiam
531 1006 655 1069 regis
670 1011 862 1053 ventum
881 1010 951 1052 est
972 1004 1263 1069 probataque
1282 1006 1431 1069 prima
1451 1024 1647 1056 consue-

235 1082 394 1129 tudine
415 1083 534 1130 sicut
558 1099 686 1140 vera,
717 1082 878 1130 datum
905 1088 975 1129 est
1001 1099 1086 1145 per
1109 1088 1342 1130 arrestum
1363 1101 1452 1147 pro
1474 1086 1645 1132 Karolo

235 1158 294 1205 de
319 1158 464 1205 Blesis
491 1158 550 1205 de
578 1158 748 1207 ducatu
779 1158 1014 1207 Britannie
1041 1159 1327 1222 possidendo
1354 1160 1646 1225 homagium-

234 1250 325 1296 que
351 1234 450 1297 regi
475 1235 666 1282 Francie
692 1234 947 1282 faciendo1.
978 1237 1077 1292 Quo
1103 1235 1241 1293 facto,
1272 1252 1355 1282 rex
1383 1236 1442 1284 de
1475 1237 1645 1286 ducatu

233 1310 467 1357 Britannie
503 1327 611 1358 eum
640 1311 852 1359 faciendo
884 1311 1079 1358 militem
1110 1311 1368 1359 investivit.
1400 1312 1489 1359 Sed
1515 1319 1646 1361 ante-

234 1403 374 1450 quam
408 1388 492 1434 hec
518 1389 700 1445 fierent,
733 1404 890 1435 comes
916 1388 1236 1445 Montisfortis,
1268 1389 1314 1435 in
1343 1389 1512 1438 ducatu
1545 1392 1645 1438 Bri-

233 1466 387 1511 tannie
406 1481 455 1513 se
476 1465 757 1521 tranferens,
783 1472 833 1512 ut
859 1465 1012 1513 eidem
1032 1466 1203 1513 Karolo
1221 1472 1381 1529 posset
1402 1467 1639 1525 resistere,

233 1541 427 1588 contulit
462 1558 512 1588 se
543 1541 589 1588 in
622 1545 906 1598 Nannetum,
945 1542 1251 1590 fortissimam
1290 1543 1544 1592 civitatem.
1587 1548 1644 1593 Ut

232 1634 346 1682 ergo
385 1618 503 1666 vidit
546 1635 631 1665 rex
674 1619 802 1681 quod
843 1624 1003 1665 contra
1047 1635 1183 1666 suum
1222 1619 1478 1683 judicatum
1526 1621 1639 1679 ibat,

230 1701 357 1741 terra
391 1694 492 1758 ejus
525 1694 571 1741 in
600 1711 740 1742 manu
776 1696 901 1759 regis
934 1696 1103 1758 posita,
1133 1696 1287 1744 missis
1313 1698 1523 1745 Johanne
1550 1699 1643 1746 filio

231 1772 355 1836 regis
381 1777 424 1819 et
451 1772 623 1819 Karolo
647 1772 816 1819 comite
843 1773 1107 1829 Alenconis,
1139 1772 1282 1820 fratre
1307 1774 1450 1839 regis,
1480 1780 1644 1823 contra

231 1849 404 1911 ipsum,
427 1848 709 1896 intrantibus
726 1848 814 1895 illis
830 1849 1135 1906 Britanniam,
1161 1856 1366 1897 castrum
1386 1852 1512 1914 quod
1531 1852 1644 1899 dici-

231 1931 309 1973 tur
333 1925 722 1989 Chastiausfiaux]
754 1929 1112 1989 Nannetumque
1147 1927 1384 1975 civitatem
1417 1936 1644 1991 ceperunt

231 2018 335 2049 cum
362 2002 532 2049 comite
558 2002 859 2050 Montisfortis
881 2019 1040 2065 quem,
1070 2009 1227 2050 tamen
1249 2004 1336 2051 sub
1361 2005 1642 2068 quibusdam

231 2079 542 2143 pactionibus,
572 2079 671 2143 regi
697 2085 971 2142 presentare
993 2081 1220 2128 fecerunt.
1251 2084 1289 2130 A
1315 2099 1408 2146 quo
1433 2083 1538 2131 licet
1563 2083 1642 2131 diu

231 2155 356 2219 apud
388 2159 621 2219 Luperam
656 2155 860 2204 Parisius
897 2156 943 2202 in
977 2156 1187 2204 custodia
1220 2163 1481 2216 teneretur,
1524 2176 1643 2207 uxor

280 2320 311 2355 1.
335 2320 483 2356 L’arret
504 2320 549 2356 de
570 2320 754 2357 Conflans
775 2320 840 2368 qui
861 2320 1061 2357 admettait
1081 2322 1242 2358 Charles
1263 2323 1307 2358 de
1336 2323 1441 2360 Blois
1463 2324 1483 2359 a
1507 2325 1642 2361 rendre

230 2379 436 2426 hommage
454 2390 502 2415 au
524 2379 579 2415 roi
601 2379 646 2415 de
671 2379 819 2415 France
842 2391 938 2426 pour
959 2380 993 2416 le
1014 2380 1138 2417 duche
1160 2381 1205 2418 de
1228 2382 1421 2429 Bretagne
1443 2384 1499 2419 fut
1520 2385 1641 2419 remln

231 2439 266 2475 10
287 2439 306 2473 7
329 2439 543 2485 septembre
575 2439 663 2475 1341
695 2439 809 2483 (Doni
838 2439 997 2484 Morice,
1023 2442 1177 2476 Proacves
1205 2443 1246 2477 de
1277 2444 1455 2478 [histoire
1485 2446 1525 2479 cle
1556 2446 1641 2479 Bre-

232 2502 349 2542 taque,
374 2503 401 2533 t.
424 2498 455 2543 1,
483 2498 553 2534 col.
579 2498 696 2543 1421).
720 2498 1068 2535 Antericurement
1089 2499 1110 2534 ὰ
1138 2505 1238 2536 cette
1260 2500 1363 2547 date,
1388 2501 1420 2536 le
1443 2509 1568 2537 comte
1595 2502 1640 2536 dc

231 2557 430 2602 Montsort,
453 2568 544 2592 sans
566 2557 660 2592 aller
681 2558 885 2593 lui-menie
911 2569 958 2594 en
980 2557 1229 2605 Angleterre,
1252 2571 1402 2596 comme
1427 2561 1458 2595 10
1480 2560 1638 2607 pretend

234 2615 439 2662 Froissart,
462 2616 565 2652 avait
585 2617 731 2663 engagc
758 2617 824 2653 des
851 2617 1117 2663 negociations
1145 2630 1238 2655 avec
1262 2609 1437 2655 Edouard
1460 2620 1530 2663 ΙΙΙ,
1559 2620 1638 2666 qni,

233 2674 268 2709 10
285 2675 331 2710 ⁶22
347 2674 432 2721 juin
454 2676 558 2719 1341,
577 2676 760 2722 envoyait
781 2687 830 2711 cn
852 2676 1044 2723 Bretagne
1061 2678 1238 2713 Gauvain
1255 2679 1400 2715 Gorder
1414 2684 1451 2714 ct
1470 2678 1638 2714 [tic-hard

235 2733 438 2769 Swasham
460 2746 554 2781 pour
575 2736 777 2772 examiner
798 2736 852 2771 les
877 2736 1136 2783 propositions
1157 2738 1204 2774 du
1229 2738 1324 2774 rival
1345 2738 1390 2773 de
1412 2738 1571 2774 Chai-les
1593 2738 1637 2774 dc

237 2793 342 2828 Blois
365 2793 470 2840 (Rec.
495 2795 574 2840 0112,
598 2796 749 2840 Eoeclaeseq.
774 2798 920 2839 szen's
940 2798 1136 2833 Romembr.
1159 2799 1275 2841 Ναυμ,
1301 2798 1435 2843 611318).
