2060 3345
364 293 431 329 112
601 296 806 328 RICHARDI
834 294 961 327 SCOTI
991 293 1200 326 CHRONICI
1228 293 1534 325 CONTINUATIO.
1658 289 1761 334 [1357

359 372 633 435 anticiparet
658 372 811 418 locum
839 386 995 433 pugne
1021 369 1295 433 propitium.
1333 368 1444 426 Sed,
1476 385 1581 415 cum
1607 369 1764 415 verbis

361 448 576 495 inanibus
601 448 666 494 sic
692 447 935 509 deceptuS,
962 447 1050 494 hoc
1075 463 1301 510 peragere
1328 451 1624 501 maturasset,
1653 448 1764 492 Ber-

360 531 553 572 trannus
579 540 664 586 per
684 523 915 586 prefatum
939 523 1221 587 burgensem
1246 527 1562 570 commentum
1588 521 1765 568 fraudis

360 600 674 663 comperiens,
720 598 874 645 omnia
919 599 1122 646 hostium
1166 598 1378 646 victualia
1420 597 1574 660 rapuit
1618 602 1664 644 et
1705 597 1765 644 ad

358 677 524 724 urbem
543 675 729 722 defferri
745 674 899 738 jussit,
923 675 1100 723 cunctis
1114 674 1452 722 mercatoribus
1472 689 1665 737 parcens
1685 673 1765 735 qui

359 759 509 800 castra
522 767 684 798 eorum
700 751 829 798 inviti
845 752 1177 814 sequebantur,
1192 758 1346 798 tamen
1357 753 1458 813 jura
1466 755 1623 797 mento
1634 766 1766 812 pres-

358 830 441 876 tito
468 827 593 891 quod
621 827 726 875 duci
747 828 813 874 rei
835 828 1005 875 seriem
1030 827 1320 890 quamtocius
1343 827 1446 891 (sic)
1470 831 1759 874 enarrarent.

358 905 447 953 Sed
463 905 558 951 dux
573 903 720 951 doluit
740 920 788 950 se
806 904 1019 952 delusum
1039 911 1084 952 et
1104 904 1276 952 factum
1292 904 1536 952 Bertranni
1550 902 1761 958 laudans,

357 981 512 1028 multis
538 980 781 1044 promissis
801 981 1044 1044 temptavit
1064 997 1170 1028 eum
1187 981 1243 1027 ad
1264 986 1448 1044 partem
1467 978 1688 1028 Johannis
1707 978 1764 1025 de

357 1058 620 1106 Monteforti
645 1058 901 1114 attrahere;
930 1058 1012 1105 sed
1040 1058 1203 1105 videns
1224 1075 1272 1104 se
1293 1058 1339 1104 in
1361 1073 1532 1104 vanum
1553 1056 1764 1102 laborare

359 1141 405 1182 et
422 1135 546 1198 quod
567 1135 689 1191 villa,
708 1134 802 1182 suis
816 1135 1090 1181 victualibus
1111 1134 1305 1191 munita,
1326 1134 1427 1196 capi
1450 1149 1541 1180 non
1560 1137 1760 1195 poterat,

357 1216 557 1258 tractatu
592 1211 707 1258 inito
739 1227 845 1258 cum
877 1211 1072 1266 civibus,
1102 1211 1252 1274 ipsam
1288 1209 1479 1256 inermis
1504 1209 1692 1256 intravit
1716 1212 1766 1255 ut

353 1288 672 1352 juramentum
699 1293 909 1334 servaret
929 1293 974 1333 et
995 1287 1060 1334 sic
1085 1286 1144 1333 ad
1170 1285 1440 1333 mandatum
1461 1284 1584 1348 regis
1604 1283 1765 1347 Anglie

359 1362 671 1426 preparavit&
702 1364 867 1410 Comes
890 1378 1004 1409 vero
1030 1361 1276 1418 Blesensis,
1303 1360 1495 1408 audiens
1531 1377 1621 1423 que
1647 1359 1766 1405 facta

360 1439 541 1486 fuerant
574 1446 619 1487 et
649 1441 959 1486 Bertrannum
989 1438 1146 1485 multis
1171 1437 1386 1485 laudibus
1410 1434 1761 1489 commendans,

408 1621 440 1655 1.
464 1619 523 1656 On
545 1631 567 1656 a
587 1619 771 1666 reproehe
791 1630 839 1655 au
860 1618 934 1655 due
954 1618 1000 1654 de
1021 1618 1233 1654 Lancastre
1254 1616 1299 1652 de
1322 1616 1470 1653 n'avoir
1490 1615 1574 1652 obei
1595 1627 1668 1663 que
1688 1616 1765 1652 tres

362 1678 447 1715 tard
475 1689 550 1714 aux
580 1677 833 1714 sommations
864 1669 1080 1713 d’Edouard
1099 1676 1157 1712 III
1177 1676 1230 1712 lui
1257 1675 1451 1722 signifiant
1478 1675 1512 1710 la
1539 1673 1765 1710 conclusion

363 1737 429 1773 des
459 1738 586 1774 treves
608 1742 645 1772 et
666 1736 720 1772 lui
750 1736 975 1783 enjoignant
996 1735 1041 1771 de
1068 1736 1172 1771 lever
1193 1735 1226 1770 le
1255 1734 1357 1781 siege
1385 1733 1429 1769 de
1451 1733 1623 1768 Rennes.
1647 1733 1766 1768 Peut-

362 1795 457 1840 etre,
479 1805 529 1830 en
550 1794 723 1841 agissant
746 1794 859 1839 ainsi,
884 1805 931 1829 ne
952 1793 1043 1829 fit-il
1065 1804 1137 1840 que
1159 1803 1198 1828 se
1218 1792 1434 1829 conformer
1454 1802 1529 1827 aux
1549 1791 1765 1827 intentions

361 1854 527 1889 seeretes
550 1852 598 1887 du
627 1853 682 1888 roi
709 1852 995 1898 d'Angleterre3
1019 1862 1096 1894 car,
1118 1851 1153 1887 le
1175 1850 1217 1886 19
1236 1850 1321 1897 juin
1344 1850 1447 1893 1357,
1471 1849 1629 1885 celui-ci
1651 1859 1765 1884 man-

362 1911 441 1947 dait
472 1922 612 1947 encore
645 1910 690 1946 de
726 1910 955 1946 rassembler
986 1909 1008 1945 a
1039 1909 1322 1955 Southampton
1355 1914 1441 1944 tous
1473 1908 1528 1944 les
1562 1908 1765 1944 vaisseaux

360 1970 477 2016 qu'on
497 1969 668 2016 pourrait
688 1974 842 2005 trouver
855 1980 951 2015 pour
971 1973 1207 2014 transporter
1227 1967 1293 2004 des
1315 1978 1407 2014 gens
1427 1966 1590 2003 d'armes
1611 1978 1658 2002 en
1673 1966 1764 2002 Bre-

361 2034 477 2074 tagne
508 2028 613 2070 (Ree.
637 2028 716 2073 off.,
740 2029 877 2063 French
897 2028 1004 2071 Rolls,
1029 2027 1067 2062 31
1092 2026 1200 2063 Edw.
1222 2026 1306 2072 III).
1331 2026 1490 2072 D'apres
1517 2026 1568 2061 M.
1591 2025 1709 2070 Luce,
1732 2024 1766 2060 le

362 2086 436 2123 duc
458 2087 503 2122 de
524 2087 734 2122 Lancastre
755 2086 840 2122 leva
861 2086 894 2120 le
916 2085 1019 2132 siege
1040 2085 1086 2120 de
1107 2085 1264 2121 Rennes
1287 2085 1320 2120 le
1342 2085 1361 2119 5
1379 2083 1504 2131 juillet
1527 2083 1638 2125 1357;
1660 2086 1768 2129 peut-

364 2146 445 2182 etre
475 2144 786 2182 conviendrait-il
807 2144 852 2179 de
873 2144 1024 2180 reculer
1044 2149 1144 2180 cette
1171 2143 1257 2179 date
1284 2143 1330 2179 de
1357 2143 1541 2190 quelques
1558 2141 1680 2188 jours,
1703 2152 1768 2178 car

364 2204 399 2240 le
431 2203 581 2239 dernier
605 2214 803 2250 messager
830 2203 978 2250 envoye
1008 2213 1076 2248 par
1095 2192 1273 2238 Edouard
1293 2201 1351 2237 III
1378 2202 1516 2248 aupres
1543 2199 1593 2235 du
1622 2199 1693 2235 duc
1722 2199 1767 2236 de

364 2262 585 2306 Laneastre,
608 2267 645 2297 et
665 2261 756 2296 dont
786 2261 957 2296 l’arrivee
987 2260 1120 2296 deoida
1139 2259 1543 2296 vraisemblablement
1570 2258 1725 2295 celui-ci
1746 2258 1768 2293 a

366 2331 405 2356 se
436 2320 586 2364 retirer,
614 2330 661 2355 ne
691 2320 813 2366 quitta
842 2319 1015 2355 Londres
1045 2330 1117 2366 que
1147 2319 1181 2355 le
1201 2319 1219 2354 4
1239 2318 1366 2366 juillet
1389 2318 1477 2355 1357
1502 2330 1509 2353 t
1534 2331 1548 2351 (ι
1573 2317 1766 2353 Particule

366 2379 535 2425 computi
552 2378 709 2415 Ricardi
737 2378 782 2413 de
803 2378 1029 2414 Tottesham
1050 2378 1198 2423 militis,
1221 2377 1350 2413 euntis
1370 2377 1410 2413 in
1431 2376 1601 2423 negociis
1622 2376 1768 2411 domini

364 2438 509 2484 regis...
531 2437 639 2473 Idem
665 2442 862 2482 computat
883 2436 923 2471 in
945 2436 1065 2472 vadiis
1091 2436 1251 2483 predicti
1274 2435 1428 2472 Ricardi
1457 2435 1565 2470 missi
1586 2435 1626 2469 in
1649 2444 1767 2479 nego-

365 2496 434 2532 ciis
457 2496 574 2543 Regis
594 2506 729 2531 versus
752 2500 879 2540 partes
901 2495 1104 2531 Britannie
1125 2494 1171 2530 ad
1191 2494 1328 2530 ducem
1349 2493 1574 2529 Lancastrie
1595 2492 1767 2528 existen-

363 2560 442 2590 tem
471 2554 511 2589 in
533 2554 690 2590 obsessu
712 2553 801 2589 ville
823 2552 867 2587 de
888 2553 1107 2599 Reynes...‚
1129 2564 1151 2588 a
1170 2561 1242 2588 11110
1270 2551 1331 2588 die
1358 2551 1443 2598 julii
1473 2561 1575 2586 auno
1606 2549 1768 2585 ΧΧΧΙο

366 2625 441 2661 quo
461 2613 521 2649 die
542 2613 615 2648 iter
630 2622 744 2647 suum
765 2611 926 2657 arripuit
940 2611 985 2647 de
1000 2611 1210 2648 Londoniis
1231 2621 1353 2658 usque
1373 2618 1470 2646 xuum
1484 2609 1585 2645 diem
1607 2613 1768 2655 septem-

367 2672 446 2707 bris
472 2671 644 2718 proximo
672 2675 943 2717 sequentem...
969 2683 985 2703 »
1011 2670 1119 2715 (Rec.
1141 2670 1219 2713 off„
1242 2671 1353 2706 Eaech.
1378 2669 1525 2713 Queen's
1552 2668 1767 2711 Remembr„

373 2732 524 2775 Nunez'z',
547 2730 706 2777 628s25).
