2060 3345
240 316 343 362 1283]
580 317 787 350 CHRONICI
813 318 945 349 PRIMA
972 317 1280 349 CONTINUATIO.
1568 310 1634 349 ³193

237 405 307 446 tes
339 398 385 444 in
416 398 553 461 plano
582 396 910 460 Burdegalensi
944 403 1130 444 centum
1161 402 1325 444 contra
1358 401 1543 442 centurn
1576 395 1635 442 ad

240 475 539 539 pugnandum
568 474 626 521 ad
662 473 863 520 invicem
900 481 1197 537 preparatos,
1238 475 1358 521 inter
1390 489 1508 536 quos
1544 472 1635 535 ipsi

237 553 330 600 duo
356 551 586 599 debebant
607 553 769 597 Petrus
787 556 831 596 et
849 550 1043 596 Karolus
1061 551 1340 613 computari,
1365 555 1408 596 et
1435 549 1514 612 qui
1540 550 1636 595 vic-

238 634 313 676 tus
331 634 452 675 esset
472 627 654 674 infamis
674 632 902 690 perpetuo
924 633 969 672 et
987 626 1196 688 privatus
1214 628 1389 673 honore
1412 625 1636 689 regioque

239 705 424 753 nomine
440 709 717 759 remaneret,
739 703 832 749 imo
847 708 1142 765 contemptus
1157 702 1215 750 de
1235 709 1389 750 cetero
1408 701 1637 749 serviente

237 795 342 827 cum
373 796 429 827 eo
461 780 586 827 solus
617 778 875 834 incederet3
912 795 1004 825 non
1037 779 1228 826 veniens
1259 786 1415 826 autem
1439 779 1498 826 ad
1528 794 1636 841 pre-

237 855 411 903 dictum
439 856 590 903 locum
615 855 690 902 die
709 854 860 917 prima
881 853 997 918 junii
1021 854 1086 901 sic
1112 861 1319 917 paratus,
1342 871 1485 917 penas
1512 854 1638 902 simi-

238 931 305 980 les
327 949 380 979 ac
405 932 543 979 etiam
569 931 827 995 perjurium
852 931 1136 978 incurrebat.

746 1069 787 1114 M
806 1068 872 1115 CC
886 1068 1123 1114 LXXXIII.

301 1179 433 1225 Anno
464 1178 648 1225 Domini
676 1177 728 1225 M⁰
749 1177 824 1226 CC⁰
846 1177 1059 1234 LXXX1110,
1096 1177 1311 1233 Karolus,
1344 1176 1493 1223 Sicilie
1528 1193 1634 1233 rex,

236 1254 387 1318 prima
412 1254 486 1302 die
508 1254 622 1318 junii
644 1254 770 1300 venit
794 1253 1095 1318 Burdegalas,
1120 1259 1282 1300 contra
1308 1256 1498 1300 Petrum
1523 1255 1636 1300 Ara-

237 1347 407 1395 gonem
442 1337 748 1395 pugnaturus,
785 1348 840 1378 eo
882 1330 1024 1378 modo
1068 1347 1162 1393 quo
1207 1329 1292 1376 sibi
1336 1329 1639 1376 mandaverat

237 1414 536 1471 preparatus,
560 1407 642 1455 sed
660 1424 751 1454 non
768 1424 908 1454 ausus
924 1408 1014 1454 huc
1031 1407 1190 1454 venire
1208 1406 1358 1453 dictus
1384 1409 1566 1461 Petrus,
1589 1410 1640 1452 ut

238 1483 456 1540 debebat,
481 1491 614 1531 nocte
635 1490 790 1531 tamen
818 1484 941 1531 diem
970 1490 1187 1531 statutam
1216 1482 1504 1546 precedenti,
1533 1498 1639 1530 cum

239 1560 422 1608 duobus
459 1561 612 1617 sociis,
649 1567 696 1608 ut
733 1561 922 1608 tradunt
957 1560 1114 1622 aliqui,
1151 1560 1195 1606 in
1235 1560 1338 1606 loco
1372 1560 1556 1622 privato
1592 1565 1638 1606 et

238 1643 420 1684 remoto
447 1637 627 1685 locutus
652 1643 724 1684 est
748 1653 856 1684 cum
879 1637 1135 1701 Burdegale
1159 1637 1428 1693 senescallo,
1454 1642 1641 1700 preten-

239 1712 354 1761 dens
383 1715 509 1776 quod
536 1731 723 1761 servare
750 1720 938 1776 pactum
967 1730 1102 1761 suum
1128 1713 1302 1760 ibidem
1328 1729 1476 1776 prope
1503 1712 1640 1759 timo-

239 1806 341 1836 rem
361 1791 484 1854 regis
510 1791 698 1837 Francie
722 1807 814 1837 non
842 1789 1060 1836 audebat.

308 1866 420 1929 Cap.
474 1866 683 1913 CXXIII!
725 1882 769 1913 a.
812 1894 877 1902 —
921 1865 1099 1914 Eodem
1141 1871 1376 1928 tempore,
1424 1864 1641 1911 dominus

238 1960 359 2006 papa
396 1943 616 1990 Martinus
654 1942 904 1990 destinavit
948 1942 1208 1990 Guidonem
1251 1941 1309 1988 de
1353 1941 1636 1998 Monteforti,

238 2020 392 2067 virum
425 2026 684 2075 strenuum,
719 2020 790 2066 in1
825 2019 1145 2067 Romaniolam
1180 2025 1231 2065 ut
1265 2018 1366 2082 ejus
1404 2018 1638 2081 presentia

240 2097 308 2144 sui
321 2096 693 2144 confortarentur
706 2096 994 2160 stipendarii.
1013 2099 1111 2153 Quo
1126 2096 1232 2143 illuc
1246 2096 1476 2150 veniente,
1493 2095 1641 2143 Guido

238 2174 502 2221 Montifeltri
530 2173 685 2220 statim
716 2179 863 2220 terras
890 2180 936 2220 et
968 2173 1176 2220 civitates
1207 2173 1526 2236 [conquisitas]
1557 2189 1642 2235 per

240 2266 364 2306 eum,
392 2250 477 2313 ipsi
502 2249 696 2296 Guidoni
716 2249 773 2296 de
788 2249 1048 2296 Monteforti
1079 2250 1265 2297 nomine
1285 2250 1485 2297 Ecclesie
1507 2249 1643 2296 resti-

241 2326 342 2383 tuit,
355 2327 514 2390 jurans
530 2326 789 2389 pariturum
800 2325 1000 2373 Ecclesie
1014 2343 1063 2373 se
1084 2326 1310 2373 mandatis
1324 2344 1333 2382 ;
1350 2327 1507 2389 sicque
1519 2332 1642 2372 terra

239 2403 505 2449 Romaniole
527 2403 585 2449 ad
610 2402 880 2449 mandatum
912 2402 1087 2448 domini
1114 2419 1232 2465 pape
1257 2403 1445 2465 pacifice
1475 2408 1545 2449 est
1570 2418 1643 2447 re-

240 2495 393 2535 versa,
411 2485 605 2542 excepta
620 2479 803 2525 civitate
819 2478 1086 2535 Urbinensi3
1106 2479 1186 2526 sed
1203 2479 1350 2541 ipsam
1364 2478 1641 2542 aggrediens

239 2555 456 2603 dominus
483 2556 630 2604 Guido
656 2556 956 2603 Montisfortis
981 2555 1226 2612 hostiliter,
1261 2555 1480 2619 quicquid
1508 2562 1641 2601 extra

241 2649 402 2680 muros
421 2633 570 2681 fuerat
595 2633 875 2689 devastavit,
900 2632 1112 2696 ipsorum
1132 2633 1317 2696 capiens
1344 2633 1477 2680 sortia
1503 2632 1639 2694 quin-

291 2790 324 2825 1.
348 2788 432 2824 Lat.
457 2789 579 2835 50050,
599 2793 645 2825 et.

412 2858 423 2888 1
1458 2852 1500 2887 13
