<?xml version="1.0" encoding="UTF-8"?>
<!DOCTYPE html PUBLIC "-//W3C//DTD XHTML 1.0 Transitional//EN"
    "http://www.w3.org/TR/xhtml1/DTD/xhtml1-transitional.dtd">
<html xmlns="http://www.w3.org/1999/xhtml" xml:lang="en" lang="en">
 <head>
  <title>
</title>
<meta http-equiv="Content-Type" content="text/html;charset=utf-8" />
  <meta name='ocr-system' content='tesseract 3.04.00' />
  <meta name='ocr-capabilities' content='ocr_page ocr_carea ocr_par ocr_line ocrx_word'/>
</head>
<body>
  <div class='ocr_page' id='page_1' title='image "./chroniquedericha00lescuoft_0276.png"; bbox 0 0 2060 3345; ppageno 0'>
   <div class='ocr_carea' id='block_1_1' title="bbox 341 313 1731 359">
    <p class='ocr_par' dir='ltr' id='par_1_1' title="bbox 341 313 1731 359">
     <span class='ocr_line' id='line_1_1' title="bbox 341 313 1731 359; baseline -0.009 -2"><span class='ocrx_word' id='word_1_1' title='bbox 341 320 408 357; x_wconf 70' lang='lat'>‘202</span> <span class='ocrx_word' id='word_1_2' title='bbox 772 319 958 352; x_wconf 85' lang='lat' dir='ltr'><strong>GERARDI</strong></span> <span class='ocrx_word' id='word_1_3' title='bbox 984 318 1039 348; x_wconf 87' lang='lat' dir='ltr'>DE</span> <span class='ocrx_word' id='word_1_4' title='bbox 1065 316 1305 348; x_wconf 82' lang='lat' dir='ltr'>FRACHETO.</span> <span class='ocrx_word' id='word_1_5' title='bbox 1628 313 1731 359; x_wconf 75' lang='lat'>[1285</span> 
     </span>
    </p>
   </div>
   <div class='ocr_carea' id='block_1_2' title="bbox 341 381 1746 1657">
    <p class='ocr_par' dir='ltr' id='par_1_2' title="bbox 341 381 1746 1657">
     <span class='ocr_line' id='line_1_2' title="bbox 404 381 1732 454; baseline -0.008 -9"><span class='ocrx_word' id='word_1_6' title='bbox 404 414 444 445; x_wconf 85' lang='lat' dir='ltr'>c.</span> <span class='ocrx_word' id='word_1_7' title='bbox 460 424 524 432; x_wconf 91' lang='lat'>—</span> <span class='ocrx_word' id='word_1_8' title='bbox 537 394 711 443; x_wconf 90' lang='lat' dir='ltr'>Eodem</span> <span class='ocrx_word' id='word_1_9' title='bbox 730 381 958 454; x_wconf 79' lang='lat' dir='ltr'>tempore,</span> <span class='ocrx_word' id='word_1_10' title='bbox 979 391 1251 454; x_wconf 76' lang='lat' dir='ltr'>priusquam</span> <span class='ocrx_word' id='word_1_11' title='bbox 1275 405 1358 436; x_wconf 84' lang='lat' dir='ltr'>rex</span> <span class='ocrx_word' id='word_1_12' title='bbox 1378 388 1631 451; x_wconf 83' lang='lat' dir='ltr'>Philippus,</span> <span class='ocrx_word' id='word_1_13' title='bbox 1650 405 1732 435; x_wconf 85' lang='lat' dir='ltr'>rex</span> 
     </span>
     <span class='ocr_line' id='line_1_3' title="bbox 341 465 1733 530; baseline -0.009 -8"><span class='ocrx_word' id='word_1_14' title='bbox 341 481 447 528; x_wconf 73' lang='lat'>111¹¹⁸,</span> <span class='ocrx_word' id='word_1_15' title='bbox 482 471 745 519; x_wconf 86' lang='lat' dir='ltr'>traderetur</span> <span class='ocrx_word' id='word_1_16' title='bbox 782 468 1040 530; x_wconf 80' lang='lat' dir='ltr'>sepulture,</span> <span class='ocrx_word' id='word_1_17' title='bbox 1083 472 1279 528; x_wconf 83' lang='lat' dir='ltr'>propter</span> <span class='ocrx_word' id='word_1_18' title='bbox 1318 465 1465 527; x_wconf 88' lang='lat' dir='ltr'>ipsius</span> <span class='ocrx_word' id='word_1_19' title='bbox 1498 480 1579 511; x_wconf 90' lang='lat' dir='ltr'>cor</span> <span class='ocrx_word' id='word_1_20' title='bbox 1614 465 1733 511; x_wconf 92' lang='lat' dir='ltr'>inter</span> 
     </span>
     <span class='ocr_line' id='line_1_4' title="bbox 344 540 1735 606; baseline -0.006 -11"><span class='ocrx_word' id='word_1_21' title='bbox 344 547 594 595; x_wconf 90' lang='lat' dir='ltr'>monachos</span> <span class='ocrx_word' id='word_1_22' title='bbox 619 543 767 592; x_wconf 78' lang='lat' dir='ltr'>Sancti</span> <span class='ocrx_word' id='word_1_23' title='bbox 796 542 998 606; x_wconf 87' lang='lat' dir='ltr'>Dyonisii</span> <span class='ocrx_word' id='word_1_24' title='bbox 1025 542 1070 588; x_wconf 90' lang='lat' dir='ltr'>in</span> <span class='ocrx_word' id='word_1_25' title='bbox 1096 542 1284 589; x_wconf 77' lang='lat' dir='ltr'>Francia</span> <span class='ocrx_word' id='word_1_26' title='bbox 1310 547 1355 587; x_wconf 89' lang='lat' dir='ltr'>et</span> <span class='ocrx_word' id='word_1_27' title='bbox 1374 541 1540 587; x_wconf 85' lang='lat' dir='ltr'>fratres</span> <span class='ocrx_word' id='word_1_28' title='bbox 1559 540 1735 587; x_wconf 80' lang='lat' dir='ltr'>ordinis</span> 
     </span>
     <span class='ocr_line' id='line_1_5' title="bbox 345 616 1738 682; baseline -0.006 -12"><span class='ocrx_word' id='word_1_29' title='bbox 345 623 689 671; x_wconf 88' lang='lat' dir='ltr'>Predicatorum</span> <span class='ocrx_word' id='word_1_30' title='bbox 710 635 875 682; x_wconf 79' lang='lat' dir='ltr'>magna</span> <span class='ocrx_word' id='word_1_31' title='bbox 897 618 1123 665; x_wconf 80' lang='lat' dir='ltr'>dissensio</span> <span class='ocrx_word' id='word_1_32' title='bbox 1145 618 1228 664; x_wconf 85' lang='lat' dir='ltr'>fuit</span> <span class='ocrx_word' id='word_1_33' title='bbox 1248 623 1366 664; x_wconf 87' lang='lat' dir='ltr'>orta.</span> <span class='ocrx_word' id='word_1_34' title='bbox 1390 619 1504 662; x_wconf 88' lang='lat' dir='ltr'>Nam</span> <span class='ocrx_word' id='word_1_35' title='bbox 1527 632 1609 662; x_wconf 88' lang='lat' dir='ltr'>rex</span> <span class='ocrx_word' id='word_1_36' title='bbox 1636 616 1738 662; x_wconf 89' lang='lat' dir='ltr'>Phi-</span> 
     </span>
     <span class='ocr_line' id='line_1_6' title="bbox 342 691 1737 761; baseline -0.006 -16"><span class='ocrx_word' id='word_1_37' title='bbox 342 699 496 761; x_wconf 91' lang='lat' dir='ltr'>lippus</span> <span class='ocrx_word' id='word_1_38' title='bbox 524 704 648 752; x_wconf 64' lang='lat' dir='ltr'>1111US,</span> <span class='ocrx_word' id='word_1_39' title='bbox 679 695 887 759; x_wconf 89' lang='lat' dir='ltr'>ejusdem</span> <span class='ocrx_word' id='word_1_40' title='bbox 923 694 1044 741; x_wconf 88' lang='lat' dir='ltr'>filius</span> <span class='ocrx_word' id='word_1_41' title='bbox 1069 694 1251 757; x_wconf 86' lang='lat' dir='ltr'>juvenis</span> <span class='ocrx_word' id='word_1_42' title='bbox 1279 699 1326 740; x_wconf 84' lang='lat' dir='ltr'>et</span> <span class='ocrx_word' id='word_1_43' title='bbox 1362 708 1511 739; x_wconf 87' lang='lat' dir='ltr'>novus</span> <span class='ocrx_word' id='word_1_44' title='bbox 1538 708 1639 748; x_wconf 87' lang='lat' dir='ltr'>rex,</span> <span class='ocrx_word' id='word_1_45' title='bbox 1679 691 1737 738; x_wconf 93' lang='lat' dir='ltr'>ad</span> 
     </span>
     <span class='ocr_line' id='line_1_7' title="bbox 344 768 1737 838; baseline -0.005 -18"><span class='ocrx_word' id='word_1_46' title='bbox 344 774 615 838; x_wconf 81' lang='lat' dir='ltr'>petitionem</span> <span class='ocrx_word' id='word_1_47' title='bbox 630 771 869 835; x_wconf 90' lang='lat' dir='ltr'>cujusdam</span> <span class='ocrx_word' id='word_1_48' title='bbox 888 770 1067 817; x_wconf 73' lang='lat' dir='ltr'>fratris1</span> <span class='ocrx_word' id='word_1_49' title='bbox 1085 770 1143 816; x_wconf 94' lang='lat' dir='ltr'>de</span> <span class='ocrx_word' id='word_1_50' title='bbox 1158 769 1319 816; x_wconf 79' lang='lat' dir='ltr'>ordine</span> <span class='ocrx_word' id='word_1_51' title='bbox 1338 768 1569 815; x_wconf 83' lang='lat' dir='ltr'>antedicto</span> <span class='ocrx_word' id='word_1_52' title='bbox 1587 768 1737 830; x_wconf 88' lang='lat' dir='ltr'>ipsum</span> 
     </span>
     <span class='ocr_line' id='line_1_8' title="bbox 342 844 1740 911; baseline -0.006 -14"><span class='ocrx_word' id='word_1_53' title='bbox 342 867 423 898; x_wconf 86' lang='lat' dir='ltr'>cor</span> <span class='ocrx_word' id='word_1_54' title='bbox 448 849 592 911; x_wconf 82' lang='lat' dir='ltr'>patris</span> <span class='ocrx_word' id='word_1_55' title='bbox 618 848 688 895; x_wconf 89' lang='lat' dir='ltr'>sui</span> <span class='ocrx_word' id='word_1_56' title='bbox 710 852 1003 895; x_wconf 82' lang='lat' dir='ltr'>concesserat</span> <span class='ocrx_word' id='word_1_57' title='bbox 1027 846 1309 909; x_wconf 86' lang='lat' dir='ltr'>improvisus</span> <span class='ocrx_word' id='word_1_58' title='bbox 1341 844 1562 906; x_wconf 89' lang='lat' dir='ltr'>predictis</span> <span class='ocrx_word' id='word_1_59' title='bbox 1586 844 1740 890; x_wconf 86' lang='lat' dir='ltr'>fratri-</span> 
     </span>
     <span class='ocr_line' id='line_1_9' title="bbox 344 919 1740 973; baseline -0.006 0"><span class='ocrx_word' id='word_1_60' title='bbox 344 927 431 973; x_wconf 90' lang='lat' dir='ltr'>bus</span> <span class='ocrx_word' id='word_1_61' title='bbox 456 925 514 972; x_wconf 91' lang='lat' dir='ltr'>ad</span> <span class='ocrx_word' id='word_1_62' title='bbox 540 923 824 971; x_wconf 89' lang='lat' dir='ltr'>humandum</span> <span class='ocrx_word' id='word_1_63' title='bbox 851 923 1052 970; x_wconf 86' lang='lat' dir='ltr'>Parisius</span> <span class='ocrx_word' id='word_1_64' title='bbox 1077 923 1123 968; x_wconf 90' lang='lat' dir='ltr'>in</span> <span class='ocrx_word' id='word_1_65' title='bbox 1150 922 1346 968; x_wconf 80' lang='lat' dir='ltr'>fratrum</span> <span class='ocrx_word' id='word_1_66' title='bbox 1368 919 1559 966; x_wconf 87' lang='lat' dir='ltr'>ecclesia</span> <span class='ocrx_word' id='word_1_67' title='bbox 1583 919 1740 966; x_wconf 87' lang='lat' dir='ltr'>Predi-</span> 
     </span>
     <span class='ocr_line' id='line_1_10' title="bbox 343 995 1742 1063; baseline -0.006 -13"><span class='ocrx_word' id='word_1_68' title='bbox 343 1008 577 1057; x_wconf 74' lang='lat' dir='ltr'>catorumz,</span> <span class='ocrx_word' id='word_1_69' title='bbox 612 1000 738 1062; x_wconf 91' lang='lat' dir='ltr'>quod</span> <span class='ocrx_word' id='word_1_70' title='bbox 770 1000 810 1046; x_wconf 91' lang='lat' dir='ltr'>ei</span> <span class='ocrx_word' id='word_1_71' title='bbox 843 1000 900 1046; x_wconf 90' lang='lat' dir='ltr'>de</span> <span class='ocrx_word' id='word_1_72' title='bbox 925 999 1029 1063; x_wconf 83' lang='lat' dir='ltr'>jure</span> <span class='ocrx_word' id='word_1_73' title='bbox 1064 999 1214 1046; x_wconf 87' lang='lat' dir='ltr'>facere</span> <span class='ocrx_word' id='word_1_74' title='bbox 1240 1013 1333 1044; x_wconf 94' lang='lat' dir='ltr'>non</span> <span class='ocrx_word' id='word_1_75' title='bbox 1365 995 1546 1052; x_wconf 86' lang='lat' dir='ltr'>licebat,</span> <span class='ocrx_word' id='word_1_76' title='bbox 1577 1011 1742 1057; x_wconf 88' lang='lat' dir='ltr'>quam-</span> 
     </span>
     <span class='ocr_line' id='line_1_11' title="bbox 344 1072 1738 1141; baseline -0.005 -16"><span class='ocrx_word' id='word_1_77' title='bbox 344 1094 484 1141; x_wconf 85' lang='lat' dir='ltr'>quam</span> <span class='ocrx_word' id='word_1_78' title='bbox 509 1077 687 1141; x_wconf 76' lang='lat' dir='ltr'>legatus</span> <span class='ocrx_word' id='word_1_79' title='bbox 714 1093 903 1123; x_wconf 89' lang='lat' dir='ltr'>romane</span> <span class='ocrx_word' id='word_1_80' title='bbox 929 1076 1056 1123; x_wconf 89' lang='lat' dir='ltr'>curie</span> <span class='ocrx_word' id='word_1_81' title='bbox 1086 1075 1132 1121; x_wconf 93' lang='lat' dir='ltr'>in</span> <span class='ocrx_word' id='word_1_82' title='bbox 1158 1074 1347 1121; x_wconf 87' lang='lat' dir='ltr'>Francia</span> <span class='ocrx_word' id='word_1_83' title='bbox 1377 1080 1486 1120; x_wconf 88' lang='lat' dir='ltr'>tunc</span> <span class='ocrx_word' id='word_1_84' title='bbox 1517 1072 1738 1126; x_wconf 85' lang='lat' dir='ltr'>existens,</span> 
     </span>
     <span class='ocr_line' id='line_1_12' title="bbox 343 1150 1740 1217; baseline -0.005 -16"><span class='ocrx_word' id='word_1_85' title='bbox 343 1154 506 1217; x_wconf 90' lang='lat' dir='ltr'>prelati</span> <span class='ocrx_word' id='word_1_86' title='bbox 532 1159 578 1200; x_wconf 86' lang='lat' dir='ltr'>et</span> <span class='ocrx_word' id='word_1_87' title='bbox 603 1153 804 1200; x_wconf 87' lang='lat' dir='ltr'>barones</span> <span class='ocrx_word' id='word_1_88' title='bbox 824 1153 954 1216; x_wconf 83' lang='lat' dir='ltr'>regni</span> <span class='ocrx_word' id='word_1_89' title='bbox 984 1152 1173 1199; x_wconf 88' lang='lat' dir='ltr'>Francie</span> <span class='ocrx_word' id='word_1_90' title='bbox 1199 1151 1285 1197; x_wconf 92' lang='lat' dir='ltr'>sibi</span> <span class='ocrx_word' id='word_1_91' title='bbox 1318 1150 1617 1197; x_wconf 90' lang='lat' dir='ltr'>ostenderent</span> <span class='ocrx_word' id='word_1_92' title='bbox 1648 1164 1740 1194; x_wconf 88' lang='lat' dir='ltr'>non</span> 
     </span>
     <span class='ocr_line' id='line_1_13' title="bbox 345 1224 1742 1292; baseline -0.005 -15"><span class='ocrx_word' id='word_1_93' title='bbox 345 1231 480 1277; x_wconf 90' lang='lat' dir='ltr'>licere</span> <span class='ocrx_word' id='word_1_94' title='bbox 498 1229 602 1292; x_wconf 80' lang='lat' dir='ltr'>quia</span> <span class='ocrx_word' id='word_1_95' title='bbox 624 1235 755 1292; x_wconf 87' lang='lat' dir='ltr'>pater</span> <span class='ocrx_word' id='word_1_96' title='bbox 773 1245 882 1275; x_wconf 88' lang='lat' dir='ltr'>suus</span> <span class='ocrx_word' id='word_1_97' title='bbox 898 1235 1047 1275; x_wconf 87' lang='lat' dir='ltr'>totum</span> <span class='ocrx_word' id='word_1_98' title='bbox 1063 1228 1265 1291; x_wconf 84' lang='lat' dir='ltr'>elegerat</span> <span class='ocrx_word' id='word_1_99' title='bbox 1281 1242 1452 1288; x_wconf 87' lang='lat' dir='ltr'>corpus</span> <span class='ocrx_word' id='word_1_100' title='bbox 1471 1241 1605 1272; x_wconf 88' lang='lat' dir='ltr'>suum</span> <span class='ocrx_word' id='word_1_101' title='bbox 1620 1224 1742 1286; x_wconf 87' lang='lat' dir='ltr'>apud</span> 
     </span>
     <span class='ocr_line' id='line_1_14' title="bbox 346 1300 1743 1367; baseline -0.005 -15"><span class='ocrx_word' id='word_1_102' title='bbox 346 1309 562 1353; x_wconf 84' lang='lat' dir='ltr'>Sanctum</span> <span class='ocrx_word' id='word_1_103' title='bbox 584 1305 853 1367; x_wconf 85' lang='lat' dir='ltr'>Dyonisium</span> <span class='ocrx_word' id='word_1_104' title='bbox 871 1304 1070 1367; x_wconf 88' lang='lat' dir='ltr'>sepeliri.</span> <span class='ocrx_word' id='word_1_105' title='bbox 1091 1307 1155 1350; x_wconf 90' lang='lat' dir='ltr'>De</span> <span class='ocrx_word' id='word_1_106' title='bbox 1176 1319 1267 1365; x_wconf 88' lang='lat' dir='ltr'>quo</span> <span class='ocrx_word' id='word_1_107' title='bbox 1289 1301 1370 1349; x_wconf 86' lang='lat' dir='ltr'>fuit</span> <span class='ocrx_word' id='word_1_108' title='bbox 1386 1300 1743 1348; x_wconf 86' lang='lat' dir='ltr'>determinatum</span> 
     </span>
     <span class='ocr_line' id='line_1_15' title="bbox 346 1377 1744 1444; baseline -0.005 -16"><span class='ocrx_word' id='word_1_109' title='bbox 346 1381 546 1429; x_wconf 88' lang='lat' dir='ltr'>Parisius</span> <span class='ocrx_word' id='word_1_110' title='bbox 578 1398 662 1443; x_wconf 89' lang='lat' dir='ltr'>per</span> <span class='ocrx_word' id='word_1_111' title='bbox 694 1381 852 1443; x_wconf 84' lang='lat' dir='ltr'>plures</span> <span class='ocrx_word' id='word_1_112' title='bbox 884 1380 1133 1444; x_wconf 82' lang='lat' dir='ltr'>magistros</span> <span class='ocrx_word' id='word_1_113' title='bbox 1166 1379 1406 1442; x_wconf 82' lang='lat' dir='ltr'>theologos</span> <span class='ocrx_word' id='word_1_114' title='bbox 1438 1377 1563 1438; x_wconf 87' lang='lat' dir='ltr'>quod</span> <span class='ocrx_word' id='word_1_115' title='bbox 1595 1392 1744 1438; x_wconf 88' lang='lat' dir='ltr'>neque</span> 
     </span>
     <span class='ocr_line' id='line_1_16' title="bbox 348 1452 1745 1520; baseline -0.006 -15"><span class='ocrx_word' id='word_1_116' title='bbox 348 1475 431 1505; x_wconf 81' lang='lat' dir='ltr'>rex</span> <span class='ocrx_word' id='word_1_117' title='bbox 451 1474 602 1520; x_wconf 86' lang='lat' dir='ltr'>neque</span> <span class='ocrx_word' id='word_1_118' title='bbox 622 1456 832 1503; x_wconf 91' lang='lat' dir='ltr'>monachi</span> <span class='ocrx_word' id='word_1_119' title='bbox 854 1456 964 1502; x_wconf 92' lang='lat' dir='ltr'>dare</span> <span class='ocrx_word' id='word_1_120' title='bbox 983 1472 1132 1518; x_wconf 89' lang='lat' dir='ltr'>neque</span> <span class='ocrx_word' id='word_1_121' title='bbox 1152 1455 1318 1501; x_wconf 87' lang='lat' dir='ltr'>fratres</span> <span class='ocrx_word' id='word_1_122' title='bbox 1338 1452 1533 1516; x_wconf 78' lang='lat' dir='ltr'>predicti</span> <span class='ocrx_word' id='word_1_123' title='bbox 1555 1457 1745 1515; x_wconf 88' lang='lat' dir='ltr'>possent</span> 
     </span>
     <span class='ocr_line' id='line_1_17' title="bbox 350 1526 1746 1597; baseline -0.005 -17"><span class='ocrx_word' id='word_1_124' title='bbox 350 1533 611 1597; x_wconf 85' lang='lat' dir='ltr'>predictum</span> <span class='ocrx_word' id='word_1_125' title='bbox 643 1549 723 1579; x_wconf 88' lang='lat' dir='ltr'>cor</span> <span class='ocrx_word' id='word_1_126' title='bbox 749 1531 1092 1596; x_wconf 85' lang='lat' dir='ltr'>dispensatione</span> <span class='ocrx_word' id='word_1_127' title='bbox 1118 1531 1358 1579; x_wconf 83' lang='lat' dir='ltr'>dumtaxat</span> <span class='ocrx_word' id='word_1_128' title='bbox 1384 1528 1560 1577; x_wconf 87' lang='lat' dir='ltr'>Summi</span> <span class='ocrx_word' id='word_1_129' title='bbox 1591 1526 1746 1575; x_wconf 89' lang='lat' dir='ltr'>Ponti-</span> 
     </span>
     <span class='ocr_line' id='line_1_18' title="bbox 350 1609 692 1657; baseline -0.003 0"><span class='ocrx_word' id='word_1_130' title='bbox 350 1609 451 1657; x_wconf 90' lang='lat' dir='ltr'>ficis</span> <span class='ocrx_word' id='word_1_131' title='bbox 475 1610 692 1657; x_wconf 88' lang='lat' dir='ltr'>retinere.</span> 
     </span>
    </p>
   </div>
   <div class='ocr_carea' id='block_1_3' title="bbox 401 1750 876 1796">
    <p class='ocr_par' dir='ltr' id='par_1_3' title="bbox 401 1750 876 1796">
     <span class='ocr_line' id='line_1_19' title="bbox 401 1750 876 1796; baseline -0.004 -9"><span class='ocrx_word' id='word_1_132' title='bbox 401 1752 434 1787; x_wconf 83' lang='lat'>¹1.</span> <span class='ocrx_word' id='word_1_133' title='bbox 457 1751 541 1787; x_wconf 87' lang='lat' dir='ltr'>Lat.</span> <span class='ocrx_word' id='word_1_134' title='bbox 565 1750 686 1796; x_wconf 79' lang='lat'>50050,</span> <span class='ocrx_word' id='word_1_135' title='bbox 707 1753 876 1796; x_wconf 71' lang='lat' dir='ltr'>fratrem.</span> 
     </span>
    </p>
   </div>
  </div>
 </body>
</html>
