2060 3345
302 289 405 334 1364]
529 291 734 323 RICHARDI
763 290 888 322 SCOTI
917 291 1123 324 CIIRONICI
1152 291 1457 324 CONTINUATIO.
1634 289 1695 325 169

300 371 454 418 travit.
486 374 541 419 Ut
569 369 626 416 de
654 375 809 415 monte
838 369 994 416 hostes
1021 370 1214 418 Gallicos
1237 371 1556 434 inspexerunt,
1586 377 1697 418 tunc

300 447 516 510 utrinque
547 446 709 510 ingens
742 445 915 492 clamor
947 446 1172 505 exoritur,
1209 447 1498 511 explicantur
1529 447 1696 495 vexilla

299 524 463 571 eodem
497 539 682 586 quoque
715 528 971 578 momento,
1007 530 1169 586 captau
1200 525 1257 572 de
1289 527 1384 572 Beu
1417 524 1474 571 ad
1510 530 1695 572 nostros

297 600 552 646 accelerare
563 603 608 645 et
622 598 666 644 in
682 614 761 644 eos
775 597 966 660 dignum
982 598 1179 646 ducebat
1194 600 1373 647 irruere
1388 618 1397 657 3
1417 599 1497 647 sed
1519 599 1693 647 domini

296 676 526 724 Joliannes
552 675 647 722 Joel
668 680 713 721 et
733 677 895 722 Petrus
921 674 979 721 de
1005 676 1313 738 Saquainville
1338 677 1577 740 oppinioni
1597 677 1696 724 tali-

296 758 367 798 ter
394 751 667 798 resisterunt
694 768 701 796 :
737 770 756 794 (‹
789 753 839 796 In
860 750 986 797 omni
1012 757 1115 798 actu
1142 751 1307 799 bellico
1339 753 1477 799 nimia
1507 753 1695 800 festina-

297 829 358 874 tio
402 827 698 890 reprobatur,
742 827 786 873 in
831 827 1055 874 descensu
1101 844 1288 890 quoque
1333 829 1503 876 montis
1548 830 1694 877 moles

293 921 530 952 armorum
551 904 608 951 ad
627 903 853 968 pugnam4
880 920 963 950 nos
983 903 1182 951 reddent
1208 905 1448 962 inhabiles,
1473 906 1696 969 aliquam-

293 982 371 1029 diu
385 982 524 1045 igitur
533 986 831 1044 expectantes
844 979 1091 1027 invadendi
1103 981 1490 1044 opportuniorem
1502 982 1694 1029 modum

292 1059 558 1122 eligamus2.
600 1077 619 1101 »
651 1057 722 1104 Sic
755 1056 997 1103 moderate
1032 1073 1275 1120 repressus
1310 1066 1472 1121 captato
1504 1058 1562 1105 dc
1600 1061 1694 1106 Beu

292 1152 438 1198 usque
459 1135 517 1182 ad
538 1150 759 1197 vesperas
778 1150 942 1180 omnes
962 1134 1286 1181 immobiliter3
1296 1171 1391 1182 .....
1404 1174 1414 1191 ,
1439 1136 1563 1198 quod
1586 1153 1692 1199 per-

292 1212 466 1275 cipiens
487 1211 703 1259 dominus
723 1214 1006 1258 Bertrannus
1027 1227 1288 1274 verensque
1313 1228 1370 1258 ne
1391 1211 1448 1258 ad
1468 1214 1693 1260 cautelam

292 1289 458 1336 vellent
485 1289 550 1336 sic
578 1287 919 1351 procrastinare
955 1292 1004 1334 ut
1045 1288 1114 1334 sui
1147 1289 1526 1351 opprimerentur
1558 1289 1693 1336 fami4

291 1364 459 1421 media,
481 1364 539 1411 de
561 1363 931 1411 commilitonum
951 1380 1197 1421 consensu,
1220 1366 1436 1413 nuncium
1458 1366 1516 1413 ad
1532 1373 1693 1429 captato

289 1442 429 1498 misit,
452 1440 678 1488 mandans
705 1440 830 1503 quod
858 1440 997 1488 alium
1024 1441 1177 1488 locum
1202 1442 1308 1489 belli
1327 1442 1385 1490 ad
1402 1448 1497 1490 tres
1518 1449 1693 1491 tractus

289 1518 564 1581 sagittarum
593 1535 618 1563 a
636 1517 779 1563 fluvio
796 1517 875 1564 ubi
897 1517 1144 1565 stationem
1172 1518 1368 1565 faciebat
1391 1519 1465 1566 die
1492 1520 1691 1567 crastina

288 1595 523 1649 liberaret,
554 1594 591 1641 si
619 1594 838 1657 placeret,
869 1594 1060 1641 ulterius
1086 1594 1237 1642 eidem
1265 1595 1540 1660 significavit
1566 1596 1693 1659 quod

288 1672 326 1718 si
361 1672 513 1727 vellet,
551 1671 608 1718 ad
648 1687 755 1718 eum
789 1670 1030 1717 accederet
1065 1671 1190 1718 solus
1226 1679 1271 1719 et
1305 1673 1503 1735 peractis
1542 1672 1691 1720 tribus

287 1748 454 1795 ictibus
484 1748 657 1803 lancee,
686 1748 762 1810 qui
794 1747 989 1794 validius
1018 1748 1314 1812 impingeret,
1345 1749 1402 1796 ad
1430 1749 1691 1812 beneplaci-

287 1830 386 1872 tum
412 1841 547 1872 suum
577 1825 729 1871 locum
758 1825 965 1888 eligeret,
996 1824 1078 1871 sed
1103 1833 1283 1888 captato,
1316 1826 1402 1873 hiis
1428 1826 1685 1889 vilipensis,

287 1901 577 1948 remandavit
594 1907 643 1948 ut
657 1904 672 1930 7³
694 1918 842 1963 usque
860 1918 994 1948 mane
1021 1908 1290 1965 expectaret
1312 1908 1357 1949 et
1376 1908 1487 1950 tunc
1512 1902 1689 1966 absque

287 1977 429 2024 dubio
456 1982 616 2024 contra
643 1978 837 2025 Gallicos
864 1977 1121 2025 dimicaret.
1148 1978 1351 2026 Audiens
1369 1979 1452 2026 hec
1472 1979 1689 2026 dominus

286 2057 587 2109 Bertrannus,
627 2053 857 2101 bellorum
892 2054 1203 2109 avidissimus,
1241 2056 1406 2102 letatus
1437 2062 1523 2112 est,
1564 2062 1608 2102 et
1641 2061 1690 2103 ut

284 2131 487 2178 hostium
521 2131 800 2178 acceleraret.
829 2131 1085 2188 audaciam,
1116 2133 1236 2180 facto
1262 2150 1414 2190 mane,
1444 2133 1501 2180 ad
1535 2138 1689 2180 caute-

338 2293 366 2326 1.
392 2291 462 2326 Ms.
481 2302 712 2336 puqnynam.

332 2350 366 2386 52.
390 2350 550 2396 D’apres
573 2349 778 2394 Froissart,
795 2348 887 2385 dont
905 2350 955 2384 M.
974 2350 1076 2386 Luce
1093 2361 1115 2385 a
1135 2349 1234 2386 suivi
1256 2350 1289 2386 le
1313 2350 1406 2386 recit
1428 2362 1494 2386 sur
1509 2361 1551 2387 cc
1569 2351 1687 2397 poim,

286 2408 378 2444 c'cst
402 2409 433 2444 le
455 2408 578 2454 capt-al
607 2408 652 2443 de
680 2408 791 2443 Buch
812 2408 890 2454 qui,
919 2409 1091 2454 partisan
1118 2408 1163 2444 de
1192 2409 1459 2453 l’immohilitc,
1482 2410 1605 2444 aur-„iit
1629 2411 1688 2445 ete

285 2467 408 2513 obliga
429 2467 475 2502 de
500 2467 678 2503 moderor
703 2466 961 2513 l‘impatiencc
988 2467 1033 2503 de
1063 2478 1123 2503 ses
1150 2467 1407 2511 lieutenants;
1437 2474 1546 2504 notre
1576 2469 1687 2503 vlu-o-

287 2526 401 2572 niquc
423 2538 470 2561 au
492 2526 698 2571 contraire,
721 2525 893 2562 d’accord
915 2537 963 2561 cn
986 2526 1068 2562 cela
1095 2538 1188 2563 avec
1209 2527 1398 2571 (luvelier,
1421 2528 1525 2573 prete
1547 2527 1568 2562 ἰι
1588 2528 1686 2563 dean

282 2584 393 2619 Jouel
414 2588 450 2619 et
473 2584 494 2618 ῑι
515 2584 644 2621 Pierre
666 2584 711 2620 de
734 2584 995 2631 Saquainville
1015 2595 1090 2620 une
1113 2590 1194 2621 tout
1214 2592 1322 2622 autre
1344 2586 1518 2621 attitude.

332 2643 364 2677 3.
391 2642 585 2679 plusieurs
606 2649 704 2680 mots
727 2649 793 2679 ont
813 2643 861 2679 (lu
885 2644 964 2680 {stre
987 2644 1082 2680 omis
1104 2645 1153 2681 ici
1174 2645 1268 2681 dans
1291 2645 1323 2681 lc
1345 2645 1571 2682 manuscrit.

336 2701 365 2735 ¹1.
390 2701 460 2736 Ms.
483 2705 607 2747 [αηιιῖς.

334 2761 366 2796 5.
392 2760 463 2795 Ms.
485 2765 528 2795 et.
