2060 3345
395 326 460 362 178
751 326 955 359 RICHARDI
983 324 1108 356 SGOTl
1136 324 1422 357 GENEALOGIA.

392 407 629 469 Philippus
663 405 854 451 Pulcher
897 402 1057 466 genuit
1093 402 1399 460 Ludovicum,
1438 402 1698 466 Philippum
1738 407 1784 449 et

394 483 630 531 Karolum.
665 479 925 527 Ludovicus
955 478 1113 542 genuit
1139 480 1395 526 Johannem
1427 477 1550 541 (sio),
1587 484 1784 525 matrem

392 559 522 605 istius
557 556 718 603 muris.
758 555 994 617 Philippus
1023 560 1069 601 et
1100 555 1295 602 Karolus
1326 571 1489 602 omnes
1523 555 1785 602 habuerunt

391 634 521 679 filias.
551 636 712 678 Postea
745 630 999 693 Philippus,
1036 630 1156 677 filius
1180 630 1361 677 comitis
1384 630 1564 686 Valesii,
1595 630 1785 677 veniens

389 710 445 756 ad
464 725 659 772 regnum
676 707 943 770 habensque
964 706 1108 753 filium
1129 707 1313 754 nomine
1330 706 1603 763 Johannem,
1625 707 1784 770 genuit

388 785 526 831 alium
540 784 684 830 filium
704 783 888 829 nomine
904 782 1182 845 Philippum,
1201 782 1368 830 ducem
1387 783 1780 830 Aurelianensem.

387 864 566 908 Mortuo
610 876 718 923 rege
754 859 964 921 Philippo
1011 859 1068 905 de
1108 859 1311 916 Valesi0‚
1360 859 1617 915 Johannes,
1664 857 1785 905 filius

387 936 503 999 ejus,
527 936 612 983 fuit
631 935 676 982 in
697 952 843 999 regno
868 934 1158 982 sublimatus,
1184 937 1239 981 Et
1265 935 1331 981 sic
1351 940 1476 998 patet
1499 940 1593 981 tota
1613 950 1783 998 genea-

386 1012 505 1075 logia
534 1018 692 1058 nostra
719 1010 1000 1074 processisse
1027 1010 1071 1057 in
1099 1027 1212 1058 sexu
1238 1011 1493 1058 masculino
1513 1027 1539 1057 a
1568 1009 1781 1073 Philippo

386 1105 495 1152 rege
521 1088 728 1144 Francie,
758 1088 851 1134 filio
878 1087 1022 1135 sancti
1050 1086 1271 1135 Ludovici
1292 1087 1435 1151 regis.

451 1168 539 1211 Pro
559 1164 638 1211 Dei
668 1163 982 1211 misericordia
1003 1168 1048 1209 et
1072 1162 1243 1209 laboris
1270 1161 1484 1209 mercede
1512 1177 1651 1224 quem
1676 1176 1785 1224 per-

385 1239 467 1286 tuli
493 1240 539 1286 in
567 1239 798 1287 studendo
824 1255 964 1302 super
985 1238 1176 1284 materia
1202 1238 1288 1284 ista
1312 1237 1370 1284 ad
1397 1236 1657 1284 habendam
1687 1236 1785 1300 ple-

386 1315 562 1362 nariam
595 1316 854 1371 veritatem,
885 1315 942 1361 ab
974 1331 1094 1361 anno
1128 1314 1299 1361 scilicet
1328 1313 1508 1360 Domini
1541 1313 1784 1359 millesimo

386 1392 704 1439 ducentesimo
745 1390 1089 1454 septuagesimo
1131 1396 1264 1437 sexto
1307 1407 1454 1453 usque
1497 1389 1555 1436 ad
1600 1395 1785 1452 tempus

385 1468 525 1525 istud,
559 1469 770 1532 supplico
796 1467 930 1514 vobis
963 1483 1099 1514 orare
1126 1473 1172 1513 et
1203 1466 1435 1514 orationes
1461 1466 1560 1513 fieri
1590 1481 1677 1528 pro
1710 1481 1784 1512 me

385 1546 492 1607 quia
522 1562 626 1592 cum
661 1545 789 1592 fluxu
822 1543 1010 1591 violenti
1039 1543 1392 1591 acerbissimum
1425 1542 1603 1590 febrem
1633 1541 1785 1605 patior

386 1621 573 1668 nomine
594 1622 861 1668 tercianam.

451 1703 619 1763 Legem
651 1715 763 1745 vero
795 1697 981 1745 salicam
1012 1712 1152 1760 quam
1182 1696 1240 1743 ab
1272 1695 1487 1743 omnibus
1512 1693 1783 1743 doctoribus

386 1775 539 1839 legum
570 1790 888 1837 quoscumque
920 1773 1027 1820 novi
1060 1773 1171 1835 petii
1200 1778 1357 1819 utrum
1386 1772 1444 1819 de
1477 1788 1528 1818 ea
1560 1770 1783 1835 cognitio-

386 1868 492 1898 nem
517 1851 740 1899 haberent
766 1856 812 1897 et
836 1856 990 1896 tamen
1017 1849 1153 1895 michi
1181 1849 1352 1896 nullam
1377 1847 1562 1911 penitus
1588 1864 1783 1910 respon-

384 1927 564 1985 dentes,
589 1926 888 1974 libentissime
915 1925 1050 1972 vobis
1070 1925 1460 1972 demonstrarem.
1490 1923 1631 1970 Primi
1654 1939 1784 1970 nam—

385 2020 475 2066 que
514 2020 666 2068 reges,
710 2003 848 2049 etiam
884 2002 1034 2049 adhuc
1068 2002 1252 2065 pagani,
1297 2001 1420 2047 illam
1454 2000 1778 2047 condiderunt.

384 2081 545 2125 Postea
571 2095 655 2125 rex
686 2082 968 2125 Francorum
1005 2077 1182 2139 primus
1216 2076 1492 2123 christianus
1523 2075 1783 2123 Clodoveus

385 2155 463 2217 qui
489 2155 573 2201 fuit
595 2172 619 2201 a
646 2160 804 2201 sancto
826 2153 1033 2217 Remigio
1056 2152 1329 2216 baptizatus,
1354 2152 1521 2199 deinde
1549 2151 1781 2200 Cildeber-

384 2237 458 2278 tus
483 2238 528 2277 et
555 2230 811 2278 Clotharius
837 2230 962 2292 quod
985 2229 1137 2276 minus
1160 2229 1205 2275 in
1229 2234 1365 2291 pacto
1390 2228 1648 2275 habebatur
1665 2227 1781 2291 ydo-

385 2323 524 2353 neum
558 2323 643 2369 per
677 2306 790 2353 istos
824 2312 919 2353 tres
958 2305 1041 2353 fuit
1077 2305 1225 2352 lucide
1262 2304 1559 2351 emendatum
1591 2320 1781 2366 percur—

384 2390 514 2430 rente
540 2383 619 2429 tali
642 2383 829 2429 decreto
854 2382 979 2444 quod
1008 2382 1073 2429 sic
1100 2381 1258 2444 incipit
1288 2398 1297 2427 z
1325 2400 1345 2425 c<
1373 2381 1505 2430 Vivat
1533 2380 1776 2444 [Christus]

385 2460 463 2522 qui
484 2464 682 2506 Francos
703 2459 866 2522 diligit.
891 2479 910 2503 2)
929 2462 1044 2506 Item
1063 2459 1176 2522 legis
1198 2458 1349 2513 salice,
1374 2457 1420 2504 id
1441 2463 1511 2504 est
1534 2457 1775 2513 francisce,

384 2537 578 2583 Karolus
609 2539 799 2599 Magnus
830 2552 913 2582 rex
943 2540 1227 2582 Francorum
1259 2542 1304 2581 et
1332 2535 1586 2596 imperator
1610 2538 1779 2582 Roma-

383 2629 551 2660 norum
581 2626 730 2659 XXXIX
762 2612 959 2674 capitula
991 2611 1186 2668 addidit,
1216 2610 1475 2658 Ludovicus
1507 2609 1605 2674 ejus
1636 2609 1774 2666 filius,

383 2705 501 2751 eque
527 2688 797 2751 imperator,
822 2688 963 2734 multa
988 2688 1122 2751 plura
1147 2686 1324 2734 addidit
1347 2686 1479 2733 valde
1500 2686 1709 2749 pulchra.
