2060 3345
309 298 411 344 1358]
534 301 738 334 RICHARDI
766 301 892 333 SCOTI
920 300 1127 333 CHRONICI
1155 299 1463 332 CONTINUATIO.
1635 295 1700 332 125

307 382 518 428 Castrum
541 380 770 427 Landonis
797 378 968 442 predas
1000 385 1044 426 et
1079 378 1289 426 incendia
1321 394 1561 434 exercenS,
1592 379 1703 426 Gas-

308 457 484 504 tinense
499 456 786 504 territorium
802 455 1017 511 vastavit,
1032 455 1187 502 villam
1205 455 1262 502 de
1275 457 1502 502 Nemours
1519 454 1704 500 flamma

307 533 461 580 voraci
497 532 784 596 consumpsit
816 537 859 578 et
895 530 1002 578 inde
1038 538 1232 579 onustus
1264 531 1437 596 ingenti
1473 529 1618 594 preda
1645 530 1703 577 ad

306 615 511 657 castrum
531 626 667 657 suum
687 609 785 656 sine
806 607 937 654 obice
964 607 1118 654 rediit.

370 685 482 733 276.
506 714 569 722 —
593 689 656 732 De
676 685 874 732 Parisius
898 683 1035 731 etiam
1057 700 1204 746 usque
1229 684 1484 732 Aurelianis
1510 689 1706 747 propter

305 761 538 824 predones
566 761 645 824 qui
676 760 773 807 vias
798 765 844 806 et
875 759 1037 806 itinera
1073 759 1245 821 ubique
1272 760 1517 807 insidiose1
1549 775 1707 807 serva-

306 837 435 894 bant,
457 837 608 884 nullus
625 837 682 883 de
700 836 903 883 Parisius
922 836 1179 883 Aurelianis
1197 836 1410 883 incedere
1430 854 1569 883 ausus
1588 841 1702 882 erat.

371 914 482 961 277.
507 941 570 948 —-
595 913 730 976 Apud
764 912 1043 961 Windosore
1075 929 1155 959 rex
1188 913 1349 976 Anglie
1386 913 1483 977 regi
1518 912 1707 960 Francie

306 990 512 1038 sollenne
526 990 792 1037 convivium
808 989 931 1046 fecit,
951 988 1122 1051 ubique
1138 989 1447 1036 interfuerunt
1460 988 1591 1035 multi
1607 1004 1709 1051 pre-

306 1072 520 1129 potentes
549 1066 708 1123 duces,
737 1065 949 1120 comites,
984 1065 1182 1112 barones
1219 1065 1297 1128 qui
1323 1065 1543 1129 insignia?
1569 1064 1711 1112 hasti-

307 1142 428 1190 ludia
455 1148 738 1208 peregerunt
753 1144 788 1190 3.

371 1221 483 1268 278.
507 1247 570 1255 —-
588 1219 859 1282 Prepositus
880 1224 1196 1265 mercatorum
1217 1217 1548 1265 parisiensium
1569 1223 1614 1264 et
1639 1217 1709 1264 sui

307 1295 573 1359 complices,
613 1295 904 1343 attendentes
931 1295 1057 1358 quod
1083 1295 1179 1342 dux
1206 1295 1251 1341 in
1282 1293 1414 1341 brevi
1441 1294 1711 1341 intendebat

307 1372 463 1418 villam
480 1373 783 1420 parisiensem
799 1372 1075 1435 impugnare
1097 1378 1142 1418 et
1156 1370 1282 1433 quod
1300 1387 1384 1418 nec
1406 1371 1559 1434 ipsum
1579 1377 1710 1434 pote-

307 1455 412 1495 rant
449 1449 505 1495 ad
542 1449 910 1496 miscricordiam
949 1448 1135 1495 ssectere
1173 1448 1323 1495 littere
1361 1447 1627 1494 amicabiles
1663 1452 1709 1494 et

307 1525 441 1588 plene
469 1525 743 1582 humilitate,
774 1525 856 1572 sed
890 1541 1077 1587 semper
1107 1524 1237 1572 duris
1268 1531 1314 1571 et
1343 1523 1710 1571 comminatoriis

308 1601 464 1648 verbis
505 1607 731 1658 uteretur,
781 1601 838 1648 de
883 1601 1218 1664 periclitatione
1263 1601 1391 1647 urbis
1436 1601 1705 1656 timuerunt,

308 1677 635 1724 concludentes
653 1677 780 1741 quod
798 1694 899 1724 eam
919 1677 1152 1724 munirent
1168 1682 1213 1723 et
1232 1682 1531 1740 protegerent
1549 1682 1710 1723 contra

307 1770 488 1810 omnes,
506 1770 710 1816 moxque
725 1760 928 1800 castrum
946 1753 1003 1800 de
1017 1757 1197 1816 Lupera
1215 1753 1260 1799 in
1278 1769 1415 1800 manu
1434 1770 1515 1800 sua
1533 1769 1709 1815 ponen-

307 1836 376 1877 tes
391 1830 497 1877 inde
513 1831 819 1877 instrumenta
834 1829 992 1876 bellica
1008 1835 1264 1892 rapuerunt
1279 1836 1323 1876 et
1335 1829 1392 1876 ad
1408 1845 1706 1876 communem

308 1906 500 1954 domum
528 1907 632 1953 ville
657 1907 941 1962 detulerunt,
968 1906 1316 1970 propugnacula
1349 1921 1536 1969 quoque
1561 1905 1709 1969 lignea

308 1983 353 2029 in
375 1999 619 2030 murorum
644 1983 820 2030 ambitu
850 1983 1080 2047 erigentes
1111 1982 1217 2029 inde
1247 1982 1426 2046 vigilias
1458 1988 1710 2028 nocturnas

308 2065 532 2123 ceperunt
551 2060 838 2107 exsolvere&
861 2059 931 2106 Ad
954 2075 1112 2124 regem
1132 2075 1319 2121 quoque
1346 2062 1549 2105 Navarre
1572 2058 1710 2106 mise-

308 2143 416 2184 runt
432 2136 511 2199 qui
532 2141 752 2200 rogarent
772 2141 822 2183 ut
840 2135 1067 2183 mediator
1085 2135 1213 2199 pacis
1233 2135 1455 2182 existeret
1477 2135 1597 2181 inter
1623 2135 1710 2182 du-

309 2229 410 2260 cem
421 2219 467 2260 et
477 2214 619 2269 cives,
634 2215 730 2276 qui,
746 2213 852 2260 inde
863 2213 999 2270 letus,
1014 2212 1071 2260 ad
1085 2212 1252 2260 ducem
1263 2212 1464 2275 supplex
1474 2212 1705 2268 accessit5,

361 2362 390 2396 1.
413 2361 485 2395 Ms.
510 2362 703 2396 insidiam.

356 2419 390 2455 ⁶2.
414 2419 486 2455 Ms.
511 2421 713 2464 insiynum.

357 2476 389 2511 3.
414 2476 573 2522 D'apres
589 2478 643 2512 les
658 2478 818 2514 Grandes
833 2476 1055 2522 Clu-oniques
1073 2478 1111 2522 (t.
1126 2476 1193 2523 VI,
1210 2488 1246 2524 p.
1268 2477 1360 2524 105),
1378 2487 1441 2513 ces
1457 2477 1550 2513 fetes
1572 2482 1709 2513 curent

311 2535 385 2571 lieu
407 2536 441 2572 le
462 2536 505 2572 ‘23
528 2536 623 2572 avril
646 2536 748 2572 1358.

357 2595 391 2629 4.
414 2594 509 2630 Voir
534 2594 628 2630 dans
658 2595 693 2630 la
715 2594 993 2630 Continuation
1023 2594 1067 2630 de
1095 2594 1313 2630 Guillaume
1340 2595 1385 2631 de
1412 2595 1559 2641 Nangis
1591 2600 1630 2639 (t.
1659 2594 1710 2639 ΙΙΊ

310 2664 346 2699 p.
362 2653 527 2699 254-259)
545 2654 597 2689 les
619 2653 846 2701 preparatiss
866 2653 952 2689 faits
968 2664 1036 2700 par
1049 2644 1215 2689 Etienne
1232 2654 1375 2689 Marcel
1392 2659 1428 2690 et
1444 2664 1504 2688 ses
1519 2653 1711 2699 partisans

310 2722 406 2758 pour
427 2713 581 2748 resistes
603 2724 650 2748 au
672 2712 855 2758 daupliin.

360 2773 390 2806 5.
415 2772 522 2807 cette
555 2777 740 2808 entrevuc
769 2777 878 2807 entre
908 2771 940 2807 le
971 2770 1141 2817 dauphin
1169 2776 1205 2807 et
1231 2771 1265 2807 le
1293 2771 1347 2806 roi
1373 2770 1418 2806 dc
1447 2771 1618 2806 Navarre
1648 2777 1711 2806 eut

314 2830 387 2866 lieu
412 2831 464 2866 lcs
486 2832 505 2867 ‘2
526 2837 563 2867 et
585 2832 604 2867 3
627 2831 701 2867 mai
728 2832 813 2866 1358
837 2831 895 2876 (cs.
919 2832 1080 2866 Grandes
1105 2832 1339 2876 Clironc'ques,
1365 2837 1390 2865 t.
1417 2831 1484 2875 vl,
1509 2843 1540 2877 p.
1567 2831 1659 2877 ιΙΟῖ).
