2060 3345
356 317 422 353 19²2
781 321 965 352 GERARDI
992 320 1046 350 DE
1074 319 1313 352 FRACHETO.
1639 318 1741 364 [128‘2

355 398 520 445 nobilis
554 396 679 461 pugil
716 396 914 444 Ecclesie
946 412 1050 443 cum
1083 396 1346 460 quingentis
1374 396 1469 444 fere
1502 396 1656 455 Gallis,
1687 416 1744 445 ex

354 475 551 521 adverso
586 489 698 519 vero
739 472 1038 535 quamplures
1082 472 1258 520 nobiles
1301 478 1346 520 et
1383 472 1608 536 ignobiles
1648 474 1744 520 fere

354 550 476 597 mille
514 548 767 611 quingenti.
815 548 1039 605 Tandem,
1086 555 1219 596 nocte
1264 549 1641 611 superveniente,
1686 550 1743 597 ad

354 642 483 672 suam
523 630 703 687 partem
743 625 1015 687 superstites
1059 630 1378 682 retraxerunt,
1422 625 1555 672 nullis
1592 631 1744 673 tamen

353 701 545 748 victoria
565 700 802 747 attributa.

418 778 459 823 b.
477 804 540 812 -—
554 780 677 823 Tunc
692 777 828 823 etiam
846 776 891 823 in
907 776 1126 824 Thunicio
1142 793 1305 841 magna
1323 792 1610 841 paganorum
1629 777 1746 824 mul-

353 852 502 899 titudo
534 869 619 914 per
644 855 830 899 Petrum
858 853 1088 916 Aragonie
1113 853 1232 900 inter
1258 853 1494 900 districtus
1520 853 1747 900 montium

353 935 422 975 est
447 929 685 992 depressa,
713 929 794 976 sed
821 929 915 976 fere
941 928 1029 975 tria
1056 928 1178 976 milia
1205 929 1370 994 pagani
1406 929 1463 976 de
1495 930 1590 976 suis
1627 929 1746 976 occi-

354 1005 538 1052 derunt.

417 1098 455 1129 0.
507 1109 568 1117 —
609 1081 834 1129 Soldanus
876 1081 1013 1128 etiam
1055 1082 1289 1129 Babilonie
1330 1100 1353 1128 a
1397 1082 1598 1129 Tartaris
1638 1088 1747 1129 tunc

353 1158 535 1220 fugatus
571 1174 656 1220 per
680 1172 764 1207 V111
801 1158 964 1213 dietas,
1002 1158 1137 1205 occisi
1180 1158 1398 1205 dicuntur
1431 1158 1596 1222 pagani
1629 1158 1747 1205 ultra

353 1248 379 1279 L
406 1233 546 1290 milia,
577 1233 745 1295 quibus
771 1232 949 1280 viribus
974 1238 1019 1279 et
1043 1232 1197 1279 animo
1232 1239 1499 1296 resumptus
1531 1233 1748 1281 soldanus

354 1311 570 1355 Tartaros
606 1308 852 1356 orientales
884 1308 1068 1371 fugans,
1096 1322 1196 1356 XXX
1229 1308 1352 1354 milia
1379 1311 1675 1355 Tartarorum
1702 1309 1747 1354 in

355 1384 452 1448 ejus
473 1384 580 1449 fuga
600 1384 768 1432 dicitur
791 1383 1035 1432 occidisse.

419 1462 465 1508 cl.
495 1489 558 1498 —
590 1460 764 1508 Eodem
799 1466 1029 1524 tempore,
1059 1460 1277 1523 princeps
1313 1460 1499 1508 Salerne
1533 1460 1745 1518 Karolus,

356 1537 530 1584 domini
544 1537 698 1585 Karoli
713 1537 835 1601 regis
846 1536 994 1585 Sicilie
1006 1543 1051 1584 et
1063 1537 1320 1584 Jerusalem
1335 1537 1472 1592 filius,
1489 1537 1566 1600 qui
1582 1537 1750 1584 missus

357 1614 503 1661 fuerat
522 1630 609 1677 pro
627 1613 795 1661 auxilio
816 1614 861 1660 in
881 1629 1078 1677 regnum
1098 1613 1302 1670 Francie,
1321 1613 1458 1660 rediit
1479 1613 1523 1659 in
1539 1613 1751 1676 Apuliam

357 1706 461 1737 cum
482 1707 647 1754 magna
674 1690 866 1736 militum
894 1689 1127 1735 comitiva.
1150 1692 1275 1735 Inter
1298 1705 1416 1751 quos
1440 1704 1595 1735 comes
1616 1689 1751 1735 Alan-

357 1766 499 1822 sonis‚
515 1766 656 1813 frater
667 1766 789 1830 regis
799 1766 1030 1822 Francie1,
1043 1781 1199 1812 comes
1207 1765 1561 1821 Attrabatensis,
1575 1764 1750 1812 Rober-

356 1850 447 1900 tus,
477 1860 632 1891 comes
657 1844 861 1899 Bolonie,
891 1858 1048 1889 comes
1079 1841 1275 1904 Dompni
1307 1841 1486 1889 Martini
1513 1847 1560 1888 et
1593 1857 1749 1887 comes

356 1917 620 1982 Burgundie
645 1933 750 1964 cum
782 1915 937 1963 multis
965 1916 1195 1963 nobilibus
1221 1915 1528 1970 advenerunt,
1558 1931 1751 1962 reverso

356 2012 465 2058 rege
492 1995 660 2042 Karolo
689 1994 746 2041 de
773 1993 1014 2040 obsidione
1043 1992 1392 2040 Messinensium
1418 1998 1463 2039 et
1489 2008 1545 2039 eo
1577 1992 1621 2038 in
1654 1992 1752 2055 pla-

357 2087 467 2118 num
494 2071 645 2118 Sancti
670 2069 846 2118 Martini
873 2069 917 2115 in
944 2068 1148 2116 Calabria
1169 2069 1412 2115 existente.

423 2164 462 2194 e.
485 2175 548 2183 -
568 2146 806 2194 Paululum
826 2162 938 2192 vero
963 2151 1070 2209 post
1095 2145 1182 2193 hoc
1202 2151 1405 2208 tempus,
1430 2148 1609 2202 Petrus,
1640 2146 1752 2192 Ara-

357 2224 493 2288 gonie
519 2224 597 2287 qui
619 2223 714 2287 jam
740 2229 898 2270 contra
931 2222 1103 2269 domini
1132 2239 1253 2285 pape
1279 2222 1604 2269 inhibicionem
1641 2221 1751 2268 Sici-

359 2301 464 2347 liam
491 2306 797 2363 occupaverat
821 2306 864 2347 et
890 2299 947 2346 ibi
977 2299 1022 2345 in
1049 2315 1207 2363 regem
1240 2316 1288 2345 se
1321 2299 1492 2346 fecerat
1518 2298 1747 2353 coronari,

359 2383 552 2441 propter
596 2376 721 2439 quod
769 2376 1192 2423 excommunicatus
1240 2382 1286 2422 et
1329 2391 1472 2438 regno
1524 2374 1752 2438 Aragonie

360 2454 547 2500 omnino
584 2470 639 2500 eo
674 2452 800 2515 quod
834 2452 891 2499 ab
929 2452 1120 2499 ecclesia
1160 2452 1347 2499 tenebat
1383 2459 1482 2498 erat
1522 2451 1748 2513 privatus,

360 2530 465 2577 belli
491 2534 677 2592 pactum
703 2529 791 2575 tale
816 2529 984 2576 Karolo
1006 2528 1319 2584 demandavit,
1351 2527 1522 2574 scilicet
1546 2533 1595 2573 ut
1614 2526 1754 2574 habe-

360 2612 431 2653 ret
456 2622 620 2653 eorum
645 2605 835 2668 quilibet
860 2611 1045 2653 centum
1071 2621 1188 2668 quos
1214 2604 1350 2651 vellet
1377 2610 1422 2650 et
1449 2608 1606 2666 posset
1636 2603 1753 2649 mili-

410 2737 442 2771 4.
467 2736 540 2771 Les
559 2740 658 2771 mots
684 2736 793 2771 rediit
818 2737 859 2770 in
884 2736 1057 2780 Apuliam
1084 2745 1123 2769 se
1151 2738 1329 2770 trouvent
1356 2733 1504 2779 repetes
1530 2732 1576 2768 ici
1603 2732 1698 2767 dans
1720 2732 1753 2768 le

364 2805 434 2831 ms.
459 2795 522 2831 lat.
546 2794 664 2830 50050.
