2060 3345
311 314 377 349 172
544 314 748 346 RICIIARDI
777 311 902 343 SCOTI
931 309 1138 341 CIIRONICI
1166 308 1473 340 CONTINUATIO.
1597 305 1699 350 [1364

309 398 455 444 Atrox
487 395 570 442 suit
594 392 792 456 prelium
819 396 863 437 et
895 388 1050 438 Gallici
1076 389 1257 436 fortiter
1283 393 1327 434 ct
1353 388 1448 434 fere
1480 386 1701 449 importa-

310 473 460 520 biliter
480 469 804 517 infodabantur
824 466 881 513 ab
902 465 1129 522 hostibus,
1148 464 1229 513 sed
1249 464 1308 511 ad
1334 463 1701 511 exhortationem

312 547 657 611 capitaneorum
683 541 935 604 resumptis
960 541 1154 597 viribus,
1185 546 1227 587 et
1256 539 1473 587 audacius
1500 538 1635 585 solito
1658 538 1703 584 in

312 641 391 671 cos
418 624 648 669 irruentes
672 624 780 666 tunc
817 618 1047 667 Johannes
1078 617 1135 664 de
1173 619 1449 678 Senarpont,
1476 615 1706 662 Johannes

311 698 532 751 Plantain,
546 699 708 742 Petrus
719 695 776 742 de
787 694 943 756 Spina,
955 693 1184 741 Johannes
1197 692 1254 739 de
1267 694 1427 746 Caren,
1441 693 1471 739 G
1481 690 1706 738 uillelmus

312 773 566 822 Trenchent
582 788 686 818 cum
703 770 932 817 nonnullis
955 769 1053 816 aliis
1080 768 1309 816 scutiferis
1332 767 1535 831 graviter
1548 766 1706 813 vulne-

312 856 486 899 rantur.
512 852 629 896 Dum
650 848 713 895 sic
728 847 912 894 fortiter
932 851 1234 910 pugnaretur,
1259 848 1433 891 Bascon
1449 844 1507 891 de
1520 843 1706 890 Marolio

312 926 484 991 pluries
516 924 765 988 repetierat
805 941 813 970 :
857 943 877 967 «
918 922 1004 971 Ubi
1032 939 1082 969 es
1119 928 1184 978 tu,
1221 924 1520 976 Bertrannus,
1550 919 1627 967 ubi
1659 936 1708 966 cs

315 1005 391 1051 tu?
424 1023 442 1046 »
473 1000 604 1059 Quod
630 1000 702 1046 ille
728 999 920 1047 audiens
941 999 1032 1045 cito
1058 998 1115 1045 ad
1142 1014 1247 1045 eum
1278 996 1477 1043 accurrit
1503 996 1708 1043 fortiter-

312 1097 401 1144 que
428 1094 568 1141 super
591 1093 698 1124 eum
723 1076 841 1124 ictus
867 1074 1173 1138 ingeminans,
1207 1073 1395 1120 tandem
1423 1073 1575 1136 ipsum
1604 1089 1708 1119 cum

311 1155 481 1203 auxilio
506 1153 748 1201 Britonum
774 1151 1205 1214 supervenientium
1231 1149 1474 1196 interfecit.
1499 1149 1581 1195 Hic
1601 1165 1710 1195 sane

312 1231 615 1294 reputabatur
656 1228 742 1275 ssos
782 1227 941 1275 militie
984 1227 1257 1290 Anglicane3
1305 1231 1609 1288 quapropter,
1655 1241 1710 1271 eo

313 1312 516 1361 mortuo,
538 1306 694 1352 hostes
718 1305 858 1351 timor
873 1303 1040 1350 invasit
1067 1309 1112 1349 et
1132 1319 1241 1348 mox
1269 1302 1450 1348 inclitus
1474 1301 1706 1355 dominus,

314 1385 572 1431 vicecomes
602 1380 887 1428 BellImontis
919 1395 1024 1427 cum
1058 1379 1217 1442 paucis
1250 1377 1541 1426 adversarios
1573 1394 1712 1441 pene-

314 1467 442 1507 trans
476 1476 621 1521 usque
651 1457 708 1504 ad
742 1463 904 1520 captim
930 1455 1145 1519 pervenit
1172 1455 1249 1518 qui
1277 1455 1434 1517 plures
1460 1454 1577 1501 ictus
1605 1459 1712 1500 tunc

317 1537 546 1584 sustinens
573 1523 678 1582 cum
703 1533 915 1580 martello
943 1532 1002 1579 de
1034 1532 1178 1579 calibe
1204 1549 1228 1578 a
1255 1531 1434 1577 dextris
1461 1535 1507 1577 et
1529 1548 1555 1577 a
1581 1530 1713 1577 sinis—

315 1612 399 1659 tris
426 1611 705 1675 percutienS,
737 1610 908 1657 multos
933 1607 1177 1656 sauciavit1
1203 1607 1414 1654 letaliter.
1443 1606 1509 1653 Ibi
1534 1606 1714 1653 viceco-

317 1706 416 1736 mes
439 1687 723 1735 Bellimontis
748 1687 794 1733 in
818 1685 1085 1749 Andegavia
1105 1690 1149 1731 et
1175 1683 1453 1732 Godefridus
1474 1683 1713 1745 Danequin

317 1765 415 1811 neci
431 1764 615 1819 dantur,
638 1762 719 1810 sed
734 1761 950 1809 dominus
970 1761 1200 1809 Johannes
1217 1759 1349 1815 Joeli,
1368 1759 1632 1821 capitaneus
1655 1758 1714 1805 de

317 1840 624 1896 Roulleboise,
654 1838 732 1901 qui
761 1855 808 1885 se
835 1836 1050 1901 jactando
1073 1836 1255 1883 dicebat
1280 1835 1446 1883 ducem
1468 1835 1714 1882 Normanie

317 1923 363 1964 et
380 1916 505 1979 quod
526 1916 644 1962 infra
661 1916 804 1962 breve
824 1919 1010 1976 tempus
1029 1913 1151 1959 hunc
1174 1912 1392 1959 ducatum
1413 1912 1458 1957 vi
1476 1927 1714 1958 armorum

316 1994 602 2056 acquireret,
646 1991 829 2038 duobus
860 1989 1024 2053 gladiis
1062 1988 1328 2044 confossus,
1370 1987 1533 2035 cecidit
1575 2003 1715 2050 super

318 2070 529 2118 sabulum
550 2074 611 2125 et,
636 2074 685 2115 ut
710 2067 868 2130 plures
889 2066 1164 2121 retulerunt,
1185 2080 1291 2112 cum
1311 2064 1370 2111 de
1388 2063 1534 2127 preli0
1555 2063 1714 2127 fugere

318 2151 590 2192 maturaret.
628 2144 697 2192 Ad
734 2149 945 2190 neutram
983 2142 1134 2188 adhuc
1168 2146 1351 2204 partem
1380 2139 1716 2187 inclinabantur

319 2222 489 2277 acies23
518 2226 618 2268 tum
648 2220 903 2268 servientes
936 2218 1122 2266 Francis
1148 2217 1369 2265 auxilium
1395 2233 1569 2263 novum
1601 2233 1717 2262 nun-

319 2299 434 2346 tiant
464 2297 684 2344 advenire
719 2302 763 2344 et
799 2295 1012 2360 quamvis
1048 2311 1140 2342 non
1171 2310 1258 2358 pro
1292 2293 1404 2357 ipsis
1439 2293 1521 2340 sed
1555 2298 1716 2339 contra

320 2377 447 2439 ipsos
479 2374 609 2422 multi
643 2373 821 2437 pugiles
854 2371 1089 2428 venirent,
1122 2370 1443 2418 nichilominus
1474 2368 1716 2416 credentes

320 2452 409 2498 hoc
437 2450 536 2497 fore
558 2466 740 2504 verum,
771 2448 915 2512 gavisi
949 2453 1056 2496 sunt
1083 2454 1129 2494 et
1153 2447 1209 2494 ad
1238 2463 1404 2494 sonum
1431 2445 1716 2492 musicalium

323 2526 779 2590 instrumento[rum]

386 2608 485 2651 Non
513 2604 616 2667 plus
641 2603 898 2650 habebatur
922 2602 967 2648 in
994 2601 1265 2664 exemplari.

373 2758 403 2792 l.
428 2756 499 2792 Ms.
523 2757 707 2791 sauciavit.

374 2816 407 2851 3⁹.
430 2815 502 2850 ΜΞ.
527 2816 652 2850 aoeies.
