2060 3345
817 367 1001 399 APPENDI
1007 367 1072 399 ΟΕ.
1574 360 1638 396 211

238 447 298 489 sic
322 449 630 496 remanserunt,
661 444 770 500 quod
796 445 984 492 vocavit,
1008 445 1051 486 in
1078 444 1189 486 dicto
1209 443 1354 499 viagio
1380 448 1480 485 1111¹x
1499 454 1531 483 x
1551 440 1642 483 die-

237 516 369 557 bus...
394 514 606 570 premissis
632 513 806 555 attentis
834 516 874 554 et
902 516 1066 554 attento
1091 512 1200 554 bono
1227 515 1340 553 statu
1360 510 1461 552 dicti
1486 508 1643 551 domini

239 582 468 626 Raimundi
505 586 547 623 et
586 581 696 623 bona
736 580 1008 635 expedicione
1052 580 1323 634 negociorum
1360 577 1643 633 predictorum

237 651 487 693 mandamus
505 649 626 692 vobis
643 649 843 703 quatinus
862 647 1044 703 prefecto
1064 647 1231 689 domino
1261 645 1572 702 Raymundo...
1596 644 1646 686 de

238 719 416 774 pecunia
430 718 603 774 regia...
621 716 874 772 persolvatis
889 720 930 757 et
943 715 1129 757 liberetis
1149 715 1309 769 absque
1328 714 1500 756 alterius
1514 725 1648 768 expe-

239 786 395 828 ditione
414 785 620 834 mandati,
642 788 857 840 presentes
876 784 1040 825 litteras
1057 795 1144 824 una
1160 795 1256 824 cum
1274 782 1426 824 litteris
1449 781 1649 837 recogni—

238 854 365 896 tionis
390 866 515 908 penes
538 866 615 895 vos
643 866 719 908 pro
746 853 942 908 guirento
967 851 1251 892 retinentes...
1281 851 1434 893 Datum
1458 849 1644 906 Agenni,

238 934 333 972 vm,
356 921 422 964 die
440 921 621 977 Augusti
639 933 754 963 anno
774 919 941 962 Domini
957 926 1010 962 Μο
1025 924 1119 964 ccc⁰
1133 924 1296 962 xxxV0.

298 992 381 1033 Per
396 989 612 1032 dominum
629 990 672 1030 in
691 1001 768 1031 suo
789 987 984 1031 concilio.

903 1153 968 1196 IV
976 1186 985 1195 .

1134 1263 1191 1306 23
1211 1264 1381 1307 octobre
1398 1263 1529 1306 1337.

241 1365 610 1410 Procas-verbm
629 1368 685 1410 de
709 1368 756 1410 la
776 1366 972 1409 mission
991 1363 1190 1421 envoye'e
1210 1377 1309 1421 par
1332 1364 1558 1420 Philippa
1589 1364 1656 1406 VI

612 1448 712 1478 aum
731 1435 964 1478 habitarem
984 1435 1041 1478 de
1063 1434 1286 1490 Coloyne.

288 1535 448 1581 (British
468 1535 660 1579 Museum,
683 1535 807 1570 Addit.
831 1535 976 1579 Chart.‚
1000 1533 1104 1570 3321.
1125 1552 1172 1559 ——-
1193 1533 1293 1569 Anc.
1316 1532 1512 1568 Collection
1538 1533 1651 1568 Jour-

338 1594 524 1636 scmvaun,
550 1599 593 1626 n0
615 1590 732 1637 3372.)

300 1682 352 1723 In
370 1682 538 1724 nomine
558 1681 739 1731 Domini,
764 1694 903 1723 amen.
930 1682 1013 1722 'Per
1032 1680 1113 1723 hoc
1132 1692 1304 1735 presens
1322 1678 1539 1734 publicum
1559 1678 1650 1720 ins—

240 1753 500 1792 trumentum
520 1749 684 1792 cunctis
703 1752 846 1804 pateat
866 1748 1084 1791 evidenter
1101 1747 1211 1804 quod
1231 1761 1344 1789 anno
1364 1747 1419 1789 ab
1443 1748 1654 1789 Incarna-

242 1818 355 1860 tione
388 1817 572 1873 ejusdem
615 1817 836 1859 millesimo
877 1817 1170 1859 trecentesimo
1209 1815 1420 1857 tricesimo
1459 1815 1650 1870 septimo,

241 1885 469 1928 indictione
500 1889 637 1935 sexta,
667 1884 936 1940 pontificatus
966 1884 1221 1927 sanctissimi
1248 1884 1292 1924 in
1320 1882 1488 1925 Christo
1518 1883 1654 1938 patris

241 1966 293 1996 ac
315 1953 472 1996 domini
493 1953 635 1996 domni
654 1953 871 1995 Benedicti
899 1952 1045 1995 divina
1073 1951 1345 2008 providencia
1368 1963 1475 2006 pape
1495 1950 1652 1992 duode-

242 2022 339 2063 cimi
367 2035 481 2063 anno
512 2022 658 2071 tertio,
694 2021 894 2063 vicesima
936 2021 1060 2062 tertia
1101 2020 1257 2061 mensis
1294 2019 1502 2067 octobris,
1538 2018 1653 2061 circa

240 2088 390 2131 horam
433 2102 726 2144 vesperarum,
778 2089 820 2130 in
863 2088 1036 2130 civitate
1079 2088 1343 2136 Coloniensi,
1385 2087 1428 2128 in
1469 2086 1654 2142 quadam

241 2170 411 2200 camera
425 2170 504 2212 que
518 2161 699 2199 vocatur
716 2157 894 2199 Camera
910 2156 1076 2198 consilii
1091 2155 1275 2211 predicte
1292 2155 1494 2205 civitatis,
1513 2155 1557 2196 in
1575 2155 1655 2196 mei

244 2226 399 2267 notarii
416 2225 574 2280 publici
594 2228 634 2266 et
662 2225 832 2266 testium
861 2224 1193 2279 subscriptorum
1221 2223 1449 2278 presentia,
1482 2226 1654 2278 propter

242 2293 322 2335 hoc
343 2293 619 2349 personaliter
636 2293 977 2342 constitutorum,
998 2291 1155 2333 nobiles
1170 2292 1251 2332 viri
1266 2291 1423 2333 domini
1436 2290 1460 2332 J
1464 2290 1654 2332 ohannes

243 2361 292 2403 de
306 2361 539 2402 Dintavilla
555 2364 595 2401 et
613 2361 794 2402 Thomas
815 2360 864 2401 de
884 2360 1049 2415 Septem
1067 2360 1288 2408 Fontanis,
1316 2359 1485 2407 milites,
1510 2359 1655 2400 nuncii

243 2429 431 2484 deputati
451 2443 505 2470 ex
526 2432 647 2484 parte
664 2428 821 2470 domini
836 2429 946 2483 regis
966 2428 1145 2469 Francie
1162 2428 1357 2476 illustris,
1374 2430 1656 2481 porrexerunt

243 2497 448 2552 quasdam
479 2497 644 2538 litteras
676 2500 857 2552 apertas,
891 2496 1032 2551 sigillo
1059 2495 1158 2538 dicti
1188 2495 1346 2537 domini
1377 2495 1504 2550 Regis
1532 2498 1658 2549 prout

242 2566 379 2620 prima
406 2564 514 2607 facie
538 2565 772 2620 apparebat
800 2563 1026 2628 sigillatas,
1055 2563 1370 2620 uenerabilibus
1396 2566 1436 2603 et
1462 2562 1654 2604 discretis

243 2633 350 2675 viris
368 2633 573 2688 magistro
589 2633 746 2674 civium
763 2635 804 2672 et
823 2631 1066 2673 consulibus
1088 2644 1140 2673 ac
1158 2630 1449 2673 communitati
1470 2630 1656 2672 civitatis

246 2700 524 2750 Coloniensis,
546 2714 727 2756 quarum
746 2700 986 2741 litterarum
1005 2703 1125 2742 tenor
1141 2699 1241 2741 talis
1255 2702 1319 2741 est
1342 2713 1350 2740 :
1377 2715 1398 2737 «
1415 2698 1654 2753 Philippus,

247 2769 321 2810 Dei
342 2769 483 2824 gratia
501 2768 766 2811 Francorum
794 2781 888 2816 rex,
911 2767 1074 2809 dilectis
1098 2768 1185 2808 suis
1211 2768 1417 2822 magistro
1438 2766 1596 2808 civium
1615 2770 1657 2806 et

248 2837 489 2879 consulibus
509 2850 559 2878 ac
579 2836 871 2878 communitati
901 2836 1088 2882 civitatis
1109 2835 1386 2884 Coloniensis‚
1410 2833 1587 2876 salutem
1615 2838 1655 2874 et
