2060 3345
215 319 315 365 1363]
439 322 643 354 RICHARDI
672 321 797 353 SCOTI
826 322 1032 353 CHRONICI
1061 322 1368 355 CONTINUATIO.
1544 321 1603 356 *161

209 404 289 450 tati
318 403 479 466 jussit¹
507 408 554 450 ut
580 419 628 450 se
654 402 711 448 ab
734 402 831 465 ejus
862 402 1036 450 insidiis
1064 409 1353 466 precaveret,
1391 403 1489 468 ejus
1515 405 1610 451 for-

208 479 366 527 tericia
403 479 676 526 Normanica
708 494 906 541 regnum
939 479 1253 526 collimitantia
1291 480 1336 526 vi
1369 496 1609 527 armorum

208 572 348 619 quam
374 555 537 602 citius‘2
564 559 831 616 occuparet.

274 638 384 685 34-11.
423 667 486 674 —
519 638 584 686 De
621 653 786 699 mayaco
818 636 989 699 hyeme.
1031 665 1094 672 —
1128 638 1303 685 Eodem
1342 655 1482 694 anno,
1525 638 1610 685 fuit

205 715 401 778 hyemps
445 713 635 761 horrida
676 713 809 760 valde
853 719 992 775 atque
1035 714 1169 777 longa
1213 720 1259 760 et
1296 715 1607 778 asperrimum

204 791 307 854 gelu
333 791 525 838 invaluit
554 790 663 837 alias
690 789 967 842 inauditum,
1006 796 1056 836 ut
1088 790 1370 853 antiquiores
1396 792 1609 839 viventes

203 866 484 923 referebant,
521 865 647 929 quod
682 865 821 912 etiam
854 884 879 912 a
912 882 1072 913 mense
1104 865 1341 913 decembri
1375 884 1523 930 usque
1549 868 1608 915 ad

202 944 343 990 finem
362 943 514 990 martii
541 942 829 1006 perduravit.
851 942 1099 990 Excessiva
1126 942 1356 1007 frigiditas
1375 944 1534 991 vineas
1563 945 1606 991 in

203 1019 358 1067 multis
375 1019 485 1067 locis
505 1036 652 1082 usque
673 1018 730 1065 ad
749 1018 919 1081 stipitis
934 1018 1140 1066 medium
1159 1020 1436 1083 congelavit,
1459 1037 1605 1068 nuces

201 1095 246 1141 in
282 1100 380 1141 toto
413 1111 558 1158 regno
591 1094 781 1141 Francie
816 1094 1014 1142 vastavit
1045 1099 1091 1141 et
1121 1095 1384 1142 fructiferas
1413 1097 1607 1143 arbores

200 1171 403 1218 reddidit
427 1171 714 1219 infecundas.
745 1172 865 1219 Oves
892 1178 1030 1236 atque
1057 1172 1255 1236 agniculi
1280 1173 1416 1219 nimis
1439 1189 1608 1237 angus-

199 1248 297 1295 tiati
329 1248 501 1313 frigore
530 1255 576 1296 et
608 1266 665 1295 ex
698 1248 897 1297 deffectu
928 1249 1083 1313 pabuli
1111 1256 1265 1297 cetera
1296 1266 1484 1313 quoque
1511 1250 1607 1296 ani—

200 1325 335 1372 malia
377 1325 434 1372 ad
475 1342 606 1374 esum
643 1326 844 1373 hominis
886 1326 1099 1374 ordinata
1141 1327 1187 1373 in
1229 1334 1361 1390 parte
1403 1327 1605 1374 maxima

199 1402 454 1464 perierunt.
479 1406 543 1450 De
563 1403 685 1450 vasis
705 1403 894 1450 vinariis
914 1403 1021 1450 vina
1042 1403 1144 1467 gelu
1168 1404 1385 1451 violentia
1410 1404 1604 1452 solidata

199 1494 305 1524 cum
340 1495 455 1525 veru
497 1479 648 1526 ferreo
684 1485 729 1525 et
761 1478 943 1526 ardenti
986 1479 1031 1526 in
1064 1497 1173 1527 vasa
1209 1485 1400 1544 stagnea
1441 1479 1607 1527 funde-

199 1553 367 1601 bantur
387 1555 459 1601 vel
485 1555 642 1602 fractis
663 1555 797 1603 doliis
819 1562 864 1602 et
885 1556 1006 1603 mole
1030 1556 1190 1620 glaciei
1214 1557 1257 1603 in
1281 1558 1427 1604 frusta
1457 1557 1604 1604 divisa

198 1630 520 1679 vendebantur
541 1632 598 1678 ad
626 1632 781 1696 ignem
801 1632 1114 1680 dissolvenda.
1140 1633 1320 1696 Ubique
1346 1650 1430 1697 per
1452 1639 1603 1680 totum

198 1723 396 1771 regnum
424 1708 550 1755 ssuvii
584 1709 864 1772 principales
895 1709 1081 1756 fuerunt
1115 1716 1241 1757 tanta
1275 1710 1604 1773 spissitudine3

197 1785 422 1849 congelati
460 1785 587 1848 quod
625 1802 786 1832 secure
825 1786 983 1849 quarri
1016 1786 1126 1833 vino
1161 1794 1207 1834 et
1239 1787 1337 1834 aliis
1372 1787 1605 1835 mercibus

197 1863 374 1910 onerati
396 1862 599 1926 desuper
618 1862 1014 1911 deducebantur&

266 1944 375 1991 342.
415 1974 477 1980 —
506 1948 555 1992 In
586 1946 711 1993 curia
747 1946 1023 1994 Parlamenti
1050 1947 1364 2011 adjudicatum
1398 1947 1483 1994 fuit
1515 1964 1603 2010 pro

197 2023 547 2086 archiepiscopo
570 2024 803 2079 Remensi,
829 2023 1021 2071 domino
1043 2025 1253 2072 Johanne
1275 2025 1332 2071 de
1353 2024 1600 2081 Credonio,

195 2106 356 2146 contra
378 2100 502 2146 cives
527 2101 768 2148 Remensis
792 2101 894 2163 (sic)
918 2108 968 2148 ut
995 2102 1113 2149 muri
1142 2102 1259 2148 mire
1287 2102 1604 2165 spissitudinis

196 2177 254 2223 ab
280 2176 345 2223 eis
372 2176 571 2224 edificati
594 2183 700 2224 ante
726 2178 851 2225 fores
877 2178 1014 2225 castri
1049 2178 1148 2242 ejus
1176 2179 1532 2226 destruerentur
1558 2185 1603 2225 et

196 2259 579 2300 construerentur
614 2253 739 2310 alibi,
778 2260 933 2301 tamen
969 2254 1067 2302 sine
1107 2255 1365 2319 prejudicio
1395 2255 1604 2320 ejusdem

197 2330 534 2394 archiepiscopi
548 2331 582 2377 5.

248 2483 281 2518 ¹l.
305 2483 375 2517 Ms.
398 2485 597 2518 scelerz'tate
619 2485 749 2519 missit.

248 2542 279 2576 Ξ.
304 2541 373 2577 Ms.
401 2544 527 2578 coctas.

248 2600 280 2635 3.
304 2600 374 2635 Ms.
399 2602 657 2645 spzssssfdudme.

253 2670 278 2694 i.

251 2717 266 2752 I

245 2659 259 2684 N

303 2659 357 2695 Cf.
373 2659 472 2695 Jean
488 2659 533 2696 de
551 2660 730 2705 Veneno,
746 2660 840 2696 dans
859 2661 890 2696 le
908 2661 1061 2697 Gontin.
1079 2662 1123 2697 (le
1139 2663 1359 2698 Guillaume
1376 2663 1419 2697 ‹le
1437 2663 1602 2707 Naugis,

201 2724 226 2753 t.
270 2718 300 2763 Ι,
321 2730 354 2764 p.
378 2718 460 2754 233.

248 2777 279 2811 5.
311 2777 382 2811 Ces
412 2788 517 2813 murs
548 2779 703 2815 avaient
732 2780 790 2815 ete
824 2779 1032 2815 wnstruits
1063 2791 1109 2816 eu
1144 2781 1250 2825 1359,
1287 2793 1351 2816 sur
1386 2780 1520 2815 sordre
1558 2780 1602 2814 ‹lo

369 2847 381 2877 1
1426 2846 1459 2879 ll
