<?xml version="1.0" encoding="UTF-8"?>
<!DOCTYPE html PUBLIC "-//W3C//DTD XHTML 1.0 Transitional//EN"
    "http://www.w3.org/TR/xhtml1/DTD/xhtml1-transitional.dtd">
<html xmlns="http://www.w3.org/1999/xhtml" xml:lang="en" lang="en">
 <head>
  <title>
</title>
<meta http-equiv="Content-Type" content="text/html;charset=utf-8" />
  <meta name='ocr-system' content='tesseract 3.04.00' />
  <meta name='ocr-capabilities' content='ocr_page ocr_carea ocr_par ocr_line ocrx_word'/>
</head>
<body>
  <div class='ocr_page' id='page_1' title='image "./chroniquedericha00lescuoft_0271.png"; bbox 0 0 2060 3345; ppageno 0'>
   <div class='ocr_carea' id='block_1_1' title="bbox 255 313 1645 360">
    <p class='ocr_par' dir='ltr' id='par_1_1' title="bbox 255 313 1645 360">
     <span class='ocr_line' id='line_1_1' title="bbox 255 313 1645 360; baseline -0.002 -9"><span class='ocrx_word' id='word_1_1' title='bbox 255 314 357 360; x_wconf 72' lang='lat'><strong>1‘284]</strong></span> <span class='ocrx_word' id='word_1_2' title='bbox 599 317 806 350; x_wconf 86' lang='lat' dir='ltr'>CHRONICI</span> <span class='ocrx_word' id='word_1_3' title='bbox 831 319 963 349; x_wconf 86' lang='lat' dir='ltr'>PRIMA</span> <span class='ocrx_word' id='word_1_4' title='bbox 991 317 1298 350; x_wconf 84' lang='lat' dir='ltr'>CONTINUATIO.</span> <span class='ocrx_word' id='word_1_5' title='bbox 1580 313 1645 349; x_wconf 81' lang='lat'>197</span> 
     </span>
    </p>
   </div>
   <div class='ocr_carea' id='block_1_2' title="bbox 249 393 1659 2831">
    <p class='ocr_par' dir='ltr' id='par_1_2' title="bbox 251 393 1649 595">
     <span class='ocr_line' id='line_1_2' title="bbox 253 393 1645 458; baseline -0.002 -16"><span class='ocrx_word' id='word_1_6' title='bbox 253 411 353 442; x_wconf 87' lang='lat' dir='ltr'>rem</span> <span class='ocrx_word' id='word_1_7' title='bbox 373 395 609 442; x_wconf 89' lang='lat' dir='ltr'>dominam</span> <span class='ocrx_word' id='word_1_8' title='bbox 626 395 899 449; x_wconf 89' lang='lat' dir='ltr'>Johannam,</span> <span class='ocrx_word' id='word_1_9' title='bbox 918 394 1057 441; x_wconf 88' lang='lat' dir='ltr'>filiam</span> <span class='ocrx_word' id='word_1_10' title='bbox 1077 394 1258 442; x_wconf 87' lang='lat' dir='ltr'>Henrici</span> <span class='ocrx_word' id='word_1_11' title='bbox 1274 393 1399 458; x_wconf 89' lang='lat' dir='ltr'>regis</span> <span class='ocrx_word' id='word_1_12' title='bbox 1417 395 1645 448; x_wconf 76' lang='lat' dir='ltr'>Navarre3</span> 
     </span>
     <span class='ocr_line' id='line_1_3' title="bbox 252 469 1649 534; baseline -0.001 -16"><span class='ocrx_word' id='word_1_13' title='bbox 252 486 447 532; x_wconf 83' lang='lat' dir='ltr'>regnum</span> <span class='ocrx_word' id='word_1_14' title='bbox 486 471 824 532; x_wconf 84' lang='lat' dir='ltr'>comitatusque</span> <span class='ocrx_word' id='word_1_15' title='bbox 859 470 964 517; x_wconf 92' lang='lat' dir='ltr'>Brie</span> <span class='ocrx_word' id='word_1_16' title='bbox 996 475 1043 517; x_wconf 93' lang='lat' dir='ltr'>et</span> <span class='ocrx_word' id='word_1_17' title='bbox 1076 470 1323 534; x_wconf 89' lang='lat' dir='ltr'>Campanie</span> <span class='ocrx_word' id='word_1_18' title='bbox 1354 469 1413 518; x_wconf 86' lang='lat' dir='ltr'>ad</span> <span class='ocrx_word' id='word_1_19' title='bbox 1451 485 1649 533; x_wconf 89' lang='lat' dir='ltr'>regnum</span> 
     </span>
     <span class='ocr_line' id='line_1_4' title="bbox 251 548 775 595; baseline -0.002 -1"><span class='ocrx_word' id='word_1_20' title='bbox 251 548 438 595; x_wconf 87' lang='lat' dir='ltr'>Francie</span> <span class='ocrx_word' id='word_1_21' title='bbox 464 553 775 595; x_wconf 91' lang='lat' dir='ltr'>accesserunt.</span> 
     </span>
    </p>

    <p class='ocr_par' dir='ltr' id='par_1_3' title="bbox 251 623 1654 975">
     <span class='ocr_line' id='line_1_5' title="bbox 317 623 1649 687; baseline -0.002 -15"><span class='ocrx_word' id='word_1_22' title='bbox 317 625 363 671; x_wconf 80' lang='lat' dir='ltr'>d.</span> <span class='ocrx_word' id='word_1_23' title='bbox 389 653 453 660; x_wconf 94' lang='lat'>—</span> <span class='ocrx_word' id='word_1_24' title='bbox 479 624 606 672; x_wconf 87' lang='lat' dir='ltr'>Circa</span> <span class='ocrx_word' id='word_1_25' title='bbox 631 623 755 670; x_wconf 92' lang='lat' dir='ltr'>idem</span> <span class='ocrx_word' id='word_1_26' title='bbox 774 628 977 686; x_wconf 89' lang='lat' dir='ltr'>tempus,</span> <span class='ocrx_word' id='word_1_27' title='bbox 1008 623 1054 670; x_wconf 90' lang='lat' dir='ltr'>in</span> <span class='ocrx_word' id='word_1_28' title='bbox 1076 623 1229 687; x_wconf 82' lang='lat' dir='ltr'>vigilia</span> <span class='ocrx_word' id='word_1_29' title='bbox 1245 626 1382 670; x_wconf 82' lang='lat' dir='ltr'>Beate</span> <span class='ocrx_word' id='word_1_30' title='bbox 1399 623 1649 671; x_wconf 86' lang='lat' dir='ltr'>Katherine</span> 
     </span>
     <span class='ocr_line' id='line_1_6' title="bbox 251 699 1651 764; baseline 0 -17"><span class='ocrx_word' id='word_1_31' title='bbox 251 700 459 764; x_wconf 85' lang='lat' dir='ltr'>virginis,</span> <span class='ocrx_word' id='word_1_32' title='bbox 490 716 574 763; x_wconf 91' lang='lat' dir='ltr'>per</span> <span class='ocrx_word' id='word_1_33' title='bbox 598 705 744 746; x_wconf 87' lang='lat' dir='ltr'>totam</span> <span class='ocrx_word' id='word_1_34' title='bbox 770 705 952 746; x_wconf 91' lang='lat' dir='ltr'>noctem</span> <span class='ocrx_word' id='word_1_35' title='bbox 978 704 1104 745; x_wconf 87' lang='lat' dir='ltr'>tanta</span> <span class='ocrx_word' id='word_1_36' title='bbox 1130 699 1212 746; x_wconf 91' lang='lat' dir='ltr'>fuit</span> <span class='ocrx_word' id='word_1_37' title='bbox 1238 706 1485 746; x_wconf 88' lang='lat' dir='ltr'>ventorum</span> <span class='ocrx_word' id='word_1_38' title='bbox 1512 699 1651 747; x_wconf 90' lang='lat' dir='ltr'>vehe-</span> 
     </span>
     <span class='ocr_line' id='line_1_7' title="bbox 252 774 1653 838; baseline 0 -16"><span class='ocrx_word' id='word_1_39' title='bbox 252 776 421 822; x_wconf 82' lang='lat' dir='ltr'>mentia</span> <span class='ocrx_word' id='word_1_40' title='bbox 439 775 564 838; x_wconf 93' lang='lat' dir='ltr'>quod</span> <span class='ocrx_word' id='word_1_41' title='bbox 582 774 725 822; x_wconf 88' lang='lat' dir='ltr'>multe</span> <span class='ocrx_word' id='word_1_42' title='bbox 743 774 911 821; x_wconf 92' lang='lat' dir='ltr'>domus</span> <span class='ocrx_word' id='word_1_43' title='bbox 928 774 1164 837; x_wconf 89' lang='lat' dir='ltr'>multaque</span> <span class='ocrx_word' id='word_1_44' title='bbox 1185 774 1411 821; x_wconf 86' lang='lat' dir='ltr'>clocheria</span> <span class='ocrx_word' id='word_1_45' title='bbox 1430 775 1475 821; x_wconf 89' lang='lat' dir='ltr'>in</span> <span class='ocrx_word' id='word_1_46' title='bbox 1497 775 1653 822; x_wconf 89' lang='lat' dir='ltr'>diver-</span> 
     </span>
     <span class='ocr_line' id='line_1_8' title="bbox 252 850 1654 916; baseline 0.001 -18"><span class='ocrx_word' id='word_1_47' title='bbox 252 851 315 898; x_wconf 91' lang='lat' dir='ltr'>sis</span> <span class='ocrx_word' id='word_1_48' title='bbox 334 851 446 899; x_wconf 93' lang='lat' dir='ltr'>locis</span> <span class='ocrx_word' id='word_1_49' title='bbox 466 851 596 916; x_wconf 84' lang='lat' dir='ltr'>regni</span> <span class='ocrx_word' id='word_1_50' title='bbox 616 851 806 898; x_wconf 89' lang='lat' dir='ltr'>Francie</span> <span class='ocrx_word' id='word_1_51' title='bbox 828 856 875 898; x_wconf 88' lang='lat' dir='ltr'>et</span> <span class='ocrx_word' id='word_1_52' title='bbox 895 850 1025 898; x_wconf 82' lang='lat' dir='ltr'>multi</span> <span class='ocrx_word' id='word_1_53' title='bbox 1049 850 1192 898; x_wconf 83' lang='lat' dir='ltr'>fortes</span> <span class='ocrx_word' id='word_1_54' title='bbox 1212 856 1258 898; x_wconf 93' lang='lat' dir='ltr'>et</span> <span class='ocrx_word' id='word_1_55' title='bbox 1283 852 1439 915; x_wconf 88' lang='lat' dir='ltr'>magni</span> <span class='ocrx_word' id='word_1_56' title='bbox 1459 852 1654 899; x_wconf 84' lang='lat' dir='ltr'>arbores</span> 
     </span>
     <span class='ocr_line' id='line_1_9' title="bbox 252 928 533 975; baseline -0.004 0"><span class='ocrx_word' id='word_1_57' title='bbox 252 928 533 975; x_wconf 89' lang='lat' dir='ltr'>ceciderunt.</span> 
     </span>
    </p>

    <p class='ocr_par' dir='ltr' id='par_1_4' title="bbox 249 1004 1658 1682">
     <span class='ocr_line' id='line_1_10' title="bbox 316 1004 1655 1068; baseline 0 -16"><span class='ocrx_word' id='word_1_58' title='bbox 316 1021 356 1052; x_wconf 79' lang='lat'>6.</span> <span class='ocrx_word' id='word_1_59' title='bbox 386 1033 448 1040; x_wconf 91' lang='lat'><strong>—</strong></span> <span class='ocrx_word' id='word_1_60' title='bbox 474 1004 650 1052; x_wconf 89' lang='lat' dir='ltr'>Eodem</span> <span class='ocrx_word' id='word_1_61' title='bbox 677 1021 816 1061; x_wconf 88' lang='lat' dir='ltr'>anno,</span> <span class='ocrx_word' id='word_1_62' title='bbox 846 1019 930 1051; x_wconf 86' lang='lat' dir='ltr'>rex</span> <span class='ocrx_word' id='word_1_63' title='bbox 952 1004 1101 1051; x_wconf 85' lang='lat' dir='ltr'>Sicilie</span> <span class='ocrx_word' id='word_1_64' title='bbox 1127 1004 1341 1060; x_wconf 86' lang='lat' dir='ltr'>Karolus,</span> <span class='ocrx_word' id='word_1_65' title='bbox 1371 1005 1501 1068; x_wconf 89' lang='lat' dir='ltr'>gravi</span> <span class='ocrx_word' id='word_1_66' title='bbox 1528 1005 1655 1052; x_wconf 89' lang='lat' dir='ltr'>infir-</span> 
     </span>
     <span class='ocr_line' id='line_1_11' title="bbox 252 1081 1657 1145; baseline 0.001 -17"><span class='ocrx_word' id='word_1_67' title='bbox 252 1082 410 1129; x_wconf 86' lang='lat' dir='ltr'>mitate</span> <span class='ocrx_word' id='word_1_68' title='bbox 448 1098 717 1138; x_wconf 91' lang='lat' dir='ltr'>concussus,</span> <span class='ocrx_word' id='word_1_69' title='bbox 757 1082 861 1129; x_wconf 90' lang='lat' dir='ltr'>licet</span> <span class='ocrx_word' id='word_1_70' title='bbox 898 1098 947 1128; x_wconf 90' lang='lat' dir='ltr'>se</span> <span class='ocrx_word' id='word_1_71' title='bbox 983 1081 1116 1144; x_wconf 84' lang='lat' dir='ltr'>quasi</span> <span class='ocrx_word' id='word_1_72' title='bbox 1148 1098 1239 1128; x_wconf 88' lang='lat' dir='ltr'>non</span> <span class='ocrx_word' id='word_1_73' title='bbox 1277 1081 1529 1144; x_wconf 89' lang='lat' dir='ltr'>patientem</span> <span class='ocrx_word' id='word_1_74' title='bbox 1569 1098 1657 1145; x_wconf 90' lang='lat' dir='ltr'>pro</span> 
     </span>
     <span class='ocr_line' id='line_1_12' title="bbox 250 1158 1656 1221; baseline 0.001 -17"><span class='ocrx_word' id='word_1_75' title='bbox 250 1158 428 1205; x_wconf 85' lang='lat' dir='ltr'>viribus</span> <span class='ocrx_word' id='word_1_76' title='bbox 463 1159 556 1206; x_wconf 91' lang='lat' dir='ltr'>suis</span> <span class='ocrx_word' id='word_1_77' title='bbox 591 1158 876 1214; x_wconf 74' lang='lat' dir='ltr'>ostenderet,</span> <span class='ocrx_word' id='word_1_78' title='bbox 908 1174 964 1204; x_wconf 93' lang='lat' dir='ltr'>ne</span> <span class='ocrx_word' id='word_1_79' title='bbox 996 1174 1189 1205; x_wconf 89' lang='lat' dir='ltr'>suorum</span> <span class='ocrx_word' id='word_1_80' title='bbox 1224 1158 1347 1204; x_wconf 87' lang='lat' dir='ltr'>forte</span> <span class='ocrx_word' id='word_1_81' title='bbox 1374 1158 1583 1221; x_wconf 81' lang='lat' dir='ltr'>sagacius</span> <span class='ocrx_word' id='word_1_82' title='bbox 1610 1165 1656 1205; x_wconf 90' lang='lat' dir='ltr'>et</span> 
     </span>
     <span class='ocr_line' id='line_1_13' title="bbox 249 1234 1653 1298; baseline -0.001 -16"><span class='ocrx_word' id='word_1_83' title='bbox 249 1235 414 1282; x_wconf 89' lang='lat' dir='ltr'>fortius</span> <span class='ocrx_word' id='word_1_84' title='bbox 440 1235 733 1282; x_wconf 90' lang='lat' dir='ltr'>inimicorum</span> <span class='ocrx_word' id='word_1_85' title='bbox 760 1234 1030 1298; x_wconf 74' lang='lat' dir='ltr'>superbiam</span> <span class='ocrx_word' id='word_1_86' title='bbox 1062 1240 1400 1298; x_wconf 80' lang='lat' dir='ltr'>augmentaret,</span> <span class='ocrx_word' id='word_1_87' title='bbox 1431 1234 1653 1281; x_wconf 87' lang='lat' dir='ltr'>ordinans</span> 
     </span>
     <span class='ocr_line' id='line_1_14' title="bbox 251 1311 1656 1376; baseline 0 -18"><span class='ocrx_word' id='word_1_88' title='bbox 251 1311 309 1358; x_wconf 89' lang='lat' dir='ltr'>de</span> <span class='ocrx_word' id='word_1_89' title='bbox 329 1318 450 1359; x_wconf 85' lang='lat' dir='ltr'>statu</span> <span class='ocrx_word' id='word_1_90' title='bbox 477 1312 606 1376; x_wconf 84' lang='lat' dir='ltr'>regni</span> <span class='ocrx_word' id='word_1_91' title='bbox 635 1312 851 1375; x_wconf 90' lang='lat' dir='ltr'>primitus</span> <span class='ocrx_word' id='word_1_92' title='bbox 875 1311 1311 1374; x_wconf 88' lang='lat' dir='ltr'>communicatoque</span> <span class='ocrx_word' id='word_1_93' title='bbox 1331 1328 1524 1359; x_wconf 88' lang='lat' dir='ltr'>suorum</span> <span class='ocrx_word' id='word_1_94' title='bbox 1544 1328 1656 1358; x_wconf 91' lang='lat' dir='ltr'>con-</span> 
     </span>
     <span class='ocr_line' id='line_1_15' title="bbox 251 1388 1656 1451; baseline 0.001 -17"><span class='ocrx_word' id='word_1_95' title='bbox 251 1388 370 1442; x_wconf 83' lang='lat' dir='ltr'>silio,</span> <span class='ocrx_word' id='word_1_96' title='bbox 395 1389 642 1436; x_wconf 88' lang='lat' dir='ltr'>salutarem</span> <span class='ocrx_word' id='word_1_97' title='bbox 663 1389 830 1436; x_wconf 84' lang='lat' dir='ltr'>Christi</span> <span class='ocrx_word' id='word_1_98' title='bbox 853 1388 1065 1451; x_wconf 90' lang='lat' dir='ltr'>corporis</span> <span class='ocrx_word' id='word_1_99' title='bbox 1092 1388 1291 1435; x_wconf 89' lang='lat' dir='ltr'>hostiam</span> <span class='ocrx_word' id='word_1_100' title='bbox 1308 1404 1414 1435; x_wconf 92' lang='lat' dir='ltr'>cum</span> <span class='ocrx_word' id='word_1_101' title='bbox 1439 1388 1656 1436; x_wconf 89' lang='lat' dir='ltr'>unctione</span> 
     </span>
     <span class='ocr_line' id='line_1_16' title="bbox 251 1464 1657 1528; baseline 0 -17"><span class='ocrx_word' id='word_1_102' title='bbox 251 1481 503 1528; x_wconf 90' lang='lat' dir='ltr'>supprema</span> <span class='ocrx_word' id='word_1_103' title='bbox 528 1465 573 1511; x_wconf 94' lang='lat' dir='ltr'>in</span> <span class='ocrx_word' id='word_1_104' title='bbox 597 1465 720 1511; x_wconf 87' lang='lat' dir='ltr'>fideli</span> <span class='ocrx_word' id='word_1_105' title='bbox 744 1465 890 1528; x_wconf 89' lang='lat' dir='ltr'>ipsius</span> <span class='ocrx_word' id='word_1_106' title='bbox 910 1464 1201 1511; x_wconf 86' lang='lat' dir='ltr'>invocatione</span> <span class='ocrx_word' id='word_1_107' title='bbox 1227 1464 1425 1511; x_wconf 91' lang='lat' dir='ltr'>nominis</span> <span class='ocrx_word' id='word_1_108' title='bbox 1451 1464 1657 1527; x_wconf 82' lang='lat' dir='ltr'>suscepit</span> 
     </span>
     <span class='ocr_line' id='line_1_17' title="bbox 251 1541 1658 1605; baseline 0 -17"><span class='ocrx_word' id='word_1_109' title='bbox 251 1542 398 1598; x_wconf 85' lang='lat' dir='ltr'>etsie,</span> <span class='ocrx_word' id='word_1_110' title='bbox 424 1542 498 1588; x_wconf 86' lang='lat' dir='ltr'>die</span> <span class='ocrx_word' id='word_1_111' title='bbox 518 1542 766 1598; x_wconf 87' lang='lat' dir='ltr'>dominica,</span> <span class='ocrx_word' id='word_1_112' title='bbox 804 1542 1004 1605; x_wconf 90' lang='lat' dir='ltr'>septimo</span> <span class='ocrx_word' id='word_1_113' title='bbox 1034 1542 1208 1590; x_wconf 91' lang='lat' dir='ltr'>mensis</span> <span class='ocrx_word' id='word_1_114' title='bbox 1237 1542 1459 1598; x_wconf 85' lang='lat' dir='ltr'>Januarii,</span> <span class='ocrx_word' id='word_1_115' title='bbox 1493 1541 1538 1588; x_wconf 93' lang='lat' dir='ltr'>in</span> <span class='ocrx_word' id='word_1_116' title='bbox 1567 1545 1658 1588; x_wconf 93' lang='lat' dir='ltr'>Do-</span> 
     </span>
     <span class='ocr_line' id='line_1_18' title="bbox 252 1619 653 1682; baseline 0.002 -17"><span class='ocrx_word' id='word_1_117' title='bbox 252 1619 377 1666; x_wconf 91' lang='lat' dir='ltr'>mino</span> <span class='ocrx_word' id='word_1_118' title='bbox 404 1619 653 1682; x_wconf 80' lang='lat' dir='ltr'>requievit.</span> 
     </span>
    </p>

    <p class='ocr_par' dir='ltr' id='par_1_5' title="bbox 250 1694 1659 2831">
     <span class='ocr_line' id='line_1_19' title="bbox 315 1694 1659 1759; baseline -0.001 -16"><span class='ocrx_word' id='word_1_119' title='bbox 315 1695 453 1759; x_wconf 90' lang='lat' dir='ltr'>Cujus</span> <span class='ocrx_word' id='word_1_120' title='bbox 486 1700 686 1742; x_wconf 87' lang='lat' dir='ltr'>mortem</span> <span class='ocrx_word' id='word_1_121' title='bbox 719 1711 992 1759; x_wconf 89' lang='lat' dir='ltr'>agnoscens,</span> <span class='ocrx_word' id='word_1_122' title='bbox 1030 1694 1248 1742; x_wconf 92' lang='lat' dir='ltr'>dominus</span> <span class='ocrx_word' id='word_1_123' title='bbox 1282 1711 1403 1758; x_wconf 88' lang='lat' dir='ltr'>papa</span> <span class='ocrx_word' id='word_1_124' title='bbox 1437 1695 1659 1742; x_wconf 89' lang='lat' dir='ltr'>Martinus</span> 
     </span>
     <span class='ocr_line' id='line_1_20' title="bbox 250 1771 1658 1836; baseline -0.001 -16"><span class='ocrx_word' id='word_1_125' title='bbox 250 1773 472 1836; x_wconf 78' lang='lat' dir='ltr'>lugubres</span> <span class='ocrx_word' id='word_1_126' title='bbox 492 1772 592 1820; x_wconf 90' lang='lat' dir='ltr'>dies</span> <span class='ocrx_word' id='word_1_127' title='bbox 612 1789 716 1819; x_wconf 92' lang='lat' dir='ltr'>cum</span> <span class='ocrx_word' id='word_1_128' title='bbox 739 1772 833 1819; x_wconf 91' lang='lat' dir='ltr'>suis</span> <span class='ocrx_word' id='word_1_129' title='bbox 853 1771 1182 1827; x_wconf 81' lang='lat' dir='ltr'>cardinalibus,</span> <span class='ocrx_word' id='word_1_130' title='bbox 1209 1772 1326 1818; x_wconf 90' lang='lat' dir='ltr'>sicut</span> <span class='ocrx_word' id='word_1_131' title='bbox 1347 1771 1518 1827; x_wconf 78' lang='lat' dir='ltr'>decuit,</span> <span class='ocrx_word' id='word_1_132' title='bbox 1540 1772 1658 1818; x_wconf 90' lang='lat' dir='ltr'>cele-</span> 
     </span>
     <span class='ocr_line' id='line_1_21' title="bbox 251 1848 1658 1911; baseline -0.001 -15"><span class='ocrx_word' id='word_1_133' title='bbox 251 1848 428 1905; x_wconf 83' lang='lat' dir='ltr'>bravit;</span> <span class='ocrx_word' id='word_1_134' title='bbox 466 1849 525 1895; x_wconf 92' lang='lat' dir='ltr'>ad</span> <span class='ocrx_word' id='word_1_135' title='bbox 563 1849 761 1896; x_wconf 87' lang='lat' dir='ltr'>celerem</span> <span class='ocrx_word' id='word_1_136' title='bbox 800 1864 1074 1896; x_wconf 84' lang='lat' dir='ltr'>succursum</span> <span class='ocrx_word' id='word_1_137' title='bbox 1111 1848 1333 1911; x_wconf 88' lang='lat' dir='ltr'>principis</span> <span class='ocrx_word' id='word_1_138' title='bbox 1371 1865 1658 1910; x_wconf 84' lang='lat' dir='ltr'>suorumque</span> 
     </span>
     <span class='ocr_line' id='line_1_22' title="bbox 250 1924 1657 1988; baseline 0 -16"><span class='ocrx_word' id='word_1_139' title='bbox 250 1925 494 1981; x_wconf 76' lang='lat' dir='ltr'>heredum,</span> <span class='ocrx_word' id='word_1_140' title='bbox 530 1925 842 1973; x_wconf 85' lang='lat' dir='ltr'>Attrebatensi</span> <span class='ocrx_word' id='word_1_141' title='bbox 870 1924 1026 1972; x_wconf 79' lang='lat' dir='ltr'>comiti</span> <span class='ocrx_word' id='word_1_142' title='bbox 1054 1925 1376 1972; x_wconf 87' lang='lat' dir='ltr'>strenuissimo</span> <span class='ocrx_word' id='word_1_143' title='bbox 1412 1942 1497 1987; x_wconf 86' lang='lat' dir='ltr'>per</span> <span class='ocrx_word' id='word_1_144' title='bbox 1527 1925 1657 1988; x_wconf 85' lang='lat' dir='ltr'>cujus</span> 
     </span>
     <span class='ocr_line' id='line_1_23' title="bbox 250 2000 1659 2063; baseline -0.001 -15"><span class='ocrx_word' id='word_1_145' title='bbox 250 2001 527 2048; x_wconf 84' lang='lat' dir='ltr'>industriam</span> <span class='ocrx_word' id='word_1_146' title='bbox 569 2001 721 2047; x_wconf 91' lang='lat' dir='ltr'>inclite</span> <span class='ocrx_word' id='word_1_147' title='bbox 764 2001 1010 2063; x_wconf 90' lang='lat' dir='ltr'>probitatis</span> <span class='ocrx_word' id='word_1_148' title='bbox 1053 2000 1344 2048; x_wconf 85' lang='lat' dir='ltr'>animositate</span> <span class='ocrx_word' id='word_1_149' title='bbox 1390 2001 1659 2048; x_wconf 83' lang='lat' dir='ltr'>decoratam</span> 
     </span>
     <span class='ocr_line' id='line_1_24' title="bbox 251 2077 1659 2142; baseline 0 -17"><span class='ocrx_word' id='word_1_150' title='bbox 251 2078 484 2142; x_wconf 89' lang='lat' dir='ltr'>regnicole</span> <span class='ocrx_word' id='word_1_151' title='bbox 523 2078 823 2140; x_wconf 85' lang='lat' dir='ltr'>quamplures</span> <span class='ocrx_word' id='word_1_152' title='bbox 862 2078 1016 2140; x_wconf 91' lang='lat' dir='ltr'>potius</span> <span class='ocrx_word' id='word_1_153' title='bbox 1058 2078 1226 2124; x_wconf 88' lang='lat' dir='ltr'>timore</span> <span class='ocrx_word' id='word_1_154' title='bbox 1261 2094 1404 2139; x_wconf 89' lang='lat' dir='ltr'>quam</span> <span class='ocrx_word' id='word_1_155' title='bbox 1439 2077 1659 2125; x_wconf 86' lang='lat' dir='ltr'>fidelitate</span> 
     </span>
     <span class='ocr_line' id='line_1_25' title="bbox 251 2154 1657 2219; baseline 0 -17"><span class='ocrx_word' id='word_1_156' title='bbox 251 2155 524 2219; x_wconf 86' lang='lat' dir='ltr'>prestabant</span> <span class='ocrx_word' id='word_1_157' title='bbox 547 2154 840 2218; x_wconf 89' lang='lat' dir='ltr'>obsequium,</span> <span class='ocrx_word' id='word_1_158' title='bbox 871 2155 1237 2217; x_wconf 91' lang='lat' dir='ltr'>impendendum</span> <span class='ocrx_word' id='word_1_159' title='bbox 1266 2155 1473 2202; x_wconf 88' lang='lat' dir='ltr'>animum</span> <span class='ocrx_word' id='word_1_160' title='bbox 1499 2155 1657 2218; x_wconf 90' lang='lat' dir='ltr'>dispo—</span> 
     </span>
     <span class='ocr_line' id='line_1_26' title="bbox 252 2231 1658 2296; baseline -0.001 -17"><span class='ocrx_word' id='word_1_161' title='bbox 252 2249 385 2288; x_wconf 88' lang='lat' dir='ltr'>nens,</span> <span class='ocrx_word' id='word_1_162' title='bbox 414 2231 604 2296; x_wconf 88' lang='lat' dir='ltr'>negocia</span> <span class='ocrx_word' id='word_1_163' title='bbox 637 2248 727 2294; x_wconf 93' lang='lat' dir='ltr'>que</span> <span class='ocrx_word' id='word_1_164' title='bbox 757 2232 815 2278; x_wconf 89' lang='lat' dir='ltr'>de</span> <span class='ocrx_word' id='word_1_165' title='bbox 845 2231 1042 2278; x_wconf 87' lang='lat' dir='ltr'>diversis</span> <span class='ocrx_word' id='word_1_166' title='bbox 1073 2231 1233 2279; x_wconf 90' lang='lat' dir='ltr'>mundi</span> <span class='ocrx_word' id='word_1_167' title='bbox 1265 2231 1476 2294; x_wconf 81' lang='lat' dir='ltr'>partibus</span> <span class='ocrx_word' id='word_1_168' title='bbox 1502 2232 1658 2279; x_wconf 85' lang='lat' dir='ltr'>venic-</span> 
     </span>
     <span class='ocr_line' id='line_1_27' title="bbox 252 2306 1657 2370; baseline -0.001 -16"><span class='ocrx_word' id='word_1_169' title='bbox 252 2307 364 2354; x_wconf 87' lang='lat' dir='ltr'>bant</span> <span class='ocrx_word' id='word_1_170' title='bbox 377 2306 678 2364; x_wconf 86' lang='lat' dir='ltr'>retardando,</span> <span class='ocrx_word' id='word_1_171' title='bbox 698 2307 946 2370; x_wconf 89' lang='lat' dir='ltr'>quamdam</span> <span class='ocrx_word' id='word_1_172' title='bbox 965 2306 1157 2369; x_wconf 90' lang='lat' dir='ltr'>pecunie</span> <span class='ocrx_word' id='word_1_173' title='bbox 1172 2323 1402 2354; x_wconf 91' lang='lat' dir='ltr'>summam</span> <span class='ocrx_word' id='word_1_174' title='bbox 1419 2309 1515 2354; x_wconf 83' lang='lat' dir='ltr'>fere</span> <span class='ocrx_word' id='word_1_175' title='bbox 1529 2321 1556 2355; x_wconf 86' lang='lat' dir='ltr'>C</span> <span class='ocrx_word' id='word_1_176' title='bbox 1572 2308 1657 2353; x_wconf 88' lang='lat' dir='ltr'>mi-</span> 
     </span>
     <span class='ocr_line' id='line_1_28' title="bbox 251 2383 1651 2447; baseline 0.001 -17"><span class='ocrx_word' id='word_1_177' title='bbox 251 2384 307 2430; x_wconf 90' lang='lat' dir='ltr'>lia</span> <span class='ocrx_word' id='word_1_178' title='bbox 335 2384 558 2431; x_wconf 87' lang='lat' dir='ltr'>librarum</span> <span class='ocrx_word' id='word_1_179' title='bbox 589 2383 911 2430; x_wconf 89' lang='lat' dir='ltr'>turonensium</span> <span class='ocrx_word' id='word_1_180' title='bbox 945 2383 1209 2430; x_wconf 87' lang='lat' dir='ltr'>destinavit.</span> <span class='ocrx_word' id='word_1_181' title='bbox 1240 2387 1295 2430; x_wconf 90' lang='lat' dir='ltr'>Et</span> <span class='ocrx_word' id='word_1_182' title='bbox 1328 2400 1495 2447; x_wconf 83' lang='lat' dir='ltr'>parum</span> <span class='ocrx_word' id='word_1_183' title='bbox 1528 2390 1651 2446; x_wconf 89' lang='lat' dir='ltr'>post,</span> 
     </span>
     <span class='ocr_line' id='line_1_29' title="bbox 253 2460 1656 2523; baseline -0.001 -15"><span class='ocrx_word' id='word_1_184' title='bbox 253 2461 423 2508; x_wconf 88' lang='lat' dir='ltr'>scilicet</span> <span class='ocrx_word' id='word_1_185' title='bbox 438 2461 511 2508; x_wconf 92' lang='lat' dir='ltr'>die</span> <span class='ocrx_word' id='word_1_186' title='bbox 526 2460 895 2509; x_wconf 87' lang='lat' dir='ltr'>Resurrectionis</span> <span class='ocrx_word' id='word_1_187' title='bbox 916 2460 1144 2507; x_wconf 91' lang='lat' dir='ltr'>dominice</span> <span class='ocrx_word' id='word_1_188' title='bbox 1166 2477 1256 2523; x_wconf 91' lang='lat' dir='ltr'>que</span> <span class='ocrx_word' id='word_1_189' title='bbox 1272 2461 1356 2508; x_wconf 89' lang='lat' dir='ltr'>fuit</span> <span class='ocrx_word' id='word_1_190' title='bbox 1371 2461 1445 2507; x_wconf 89' lang='lat' dir='ltr'>die</span> <span class='ocrx_word' id='word_1_191' title='bbox 1466 2463 1656 2507; x_wconf 88' lang='lat' dir='ltr'>Annun-</span> 
     </span>
     <span class='ocr_line' id='line_1_30' title="bbox 252 2536 1656 2600; baseline -0.001 -16"><span class='ocrx_word' id='word_1_192' title='bbox 252 2537 461 2584; x_wconf 87' lang='lat' dir='ltr'>ciationis</span> <span class='ocrx_word' id='word_1_193' title='bbox 475 2537 678 2600; x_wconf 87' lang='lat' dir='ltr'>Virginis</span> <span class='ocrx_word' id='word_1_194' title='bbox 698 2536 853 2592; x_wconf 87' lang='lat' dir='ltr'>Marie,</span> <span class='ocrx_word' id='word_1_195' title='bbox 874 2542 1124 2599; x_wconf 88' lang='lat' dir='ltr'>postquam</span> <span class='ocrx_word' id='word_1_196' title='bbox 1144 2537 1424 2583; x_wconf 83' lang='lat' dir='ltr'>celebrasset</span> <span class='ocrx_word' id='word_1_197' title='bbox 1450 2537 1656 2584; x_wconf 87' lang='lat' dir='ltr'>solitam-</span> 
     </span>
     <span class='ocr_line' id='line_1_31' title="bbox 251 2612 1654 2676; baseline 0.001 -17"><span class='ocrx_word' id='word_1_198' title='bbox 251 2629 341 2676; x_wconf 90' lang='lat' dir='ltr'>que</span> <span class='ocrx_word' id='word_1_199' title='bbox 365 2629 472 2660; x_wconf 88' lang='lat' dir='ltr'>cum</span> <span class='ocrx_word' id='word_1_200' title='bbox 499 2614 594 2660; x_wconf 91' lang='lat' dir='ltr'>suis</span> <span class='ocrx_word' id='word_1_201' title='bbox 621 2612 867 2676; x_wconf 89' lang='lat' dir='ltr'>capellanis</span> <span class='ocrx_word' id='word_1_202' title='bbox 892 2612 1189 2660; x_wconf 84' lang='lat' dir='ltr'>refectionem</span> <span class='ocrx_word' id='word_1_203' title='bbox 1217 2614 1509 2676; x_wconf 83' lang='lat' dir='ltr'>sumpsisset,</span> <span class='ocrx_word' id='word_1_204' title='bbox 1538 2614 1654 2660; x_wconf 87' lang='lat' dir='ltr'>arri-</span> 
     </span>
     <span class='ocr_line' id='line_1_32' title="bbox 254 2689 1654 2753; baseline 0.001 -17"><span class='ocrx_word' id='word_1_205' title='bbox 254 2689 354 2751; x_wconf 90' lang='lat' dir='ltr'>puit</span> <span class='ocrx_word' id='word_1_206' title='bbox 385 2706 491 2736; x_wconf 90' lang='lat' dir='ltr'>eum</span> <span class='ocrx_word' id='word_1_207' title='bbox 523 2690 699 2737; x_wconf 89' lang='lat' dir='ltr'>occulta</span> <span class='ocrx_word' id='word_1_208' title='bbox 736 2689 978 2736; x_wconf 85' lang='lat' dir='ltr'>infirmitas</span> <span class='ocrx_word' id='word_1_209' title='bbox 1004 2706 1062 2736; x_wconf 81' lang='lat' dir='ltr'>ex</span> <span class='ocrx_word' id='word_1_210' title='bbox 1089 2707 1196 2753; x_wconf 86' lang='lat' dir='ltr'>qua,</span> <span class='ocrx_word' id='word_1_211' title='bbox 1229 2690 1334 2737; x_wconf 89' lang='lat' dir='ltr'>licet</span> <span class='ocrx_word' id='word_1_212' title='bbox 1366 2707 1414 2737; x_wconf 84' lang='lat' dir='ltr'>sc</span> <span class='ocrx_word' id='word_1_213' title='bbox 1448 2690 1654 2753; x_wconf 85' lang='lat' dir='ltr'>graviter</span> 
     </span>
     <span class='ocr_line' id='line_1_33' title="bbox 253 2765 1655 2831; baseline 0.001 -19"><span class='ocrx_word' id='word_1_214' title='bbox 253 2765 348 2829; x_wconf 87' lang='lat' dir='ltr'>pati</span> <span class='ocrx_word' id='word_1_215' title='bbox 376 2765 567 2823; x_wconf 90' lang='lat' dir='ltr'>diceret,</span> <span class='ocrx_word' id='word_1_216' title='bbox 598 2766 695 2830; x_wconf 89' lang='lat' dir='ltr'>ejus</span> <span class='ocrx_word' id='word_1_217' title='bbox 726 2766 907 2829; x_wconf 87' lang='lat' dir='ltr'>phisici,</span> <span class='ocrx_word' id='word_1_218' title='bbox 941 2765 1159 2813; x_wconf 84' lang='lat' dir='ltr'>morbum</span> <span class='ocrx_word' id='word_1_219' title='bbox 1186 2766 1452 2831; x_wconf 87' lang='lat' dir='ltr'>ignorantes</span> <span class='ocrx_word' id='word_1_220' title='bbox 1477 2773 1520 2813; x_wconf 89' lang='lat' dir='ltr'>et</span> <span class='ocrx_word' id='word_1_221' title='bbox 1548 2783 1655 2814; x_wconf 89' lang='lat' dir='ltr'>cau-</span> 
     </span>
    </p>
   </div>
  </div>
 </body>
</html>
