2060 3345
394 332 436 368 70
627 335 832 369 RICHARDI
861 333 986 365 SCOTI
1017 332 1223 364 CHRONIGI
1251 331 1557 364 CONTINUATIO.
1682 330 1785 376 [1345

388 415 694 469 intraverunt,
717 412 843 475 quod
860 411 1121 475 percipiens
1137 417 1353 459 strenuus
1374 411 1506 458 miles
1526 412 1787 461 Gauffridus

388 489 446 536 de
463 490 601 552 Poy⁴‚
620 488 823 552 gladium
840 488 1068 551 arripiens
1087 493 1133 535 et
1153 488 1475 535 semiarmatus
1500 488 1660 536 exiens
1680 506 1785 537 cum

387 565 587 628 Anglicis
608 564 789 611 fortiter
806 564 851 610 in
869 564 957 611 vici
979 564 1132 612 medio
1154 564 1393 626 preliando
1415 580 1473 610 ex
1494 564 1607 627 ipsis
1627 565 1785 628 plures

386 641 553 688 occidit
573 641 655 688 sed
675 641 862 688 tandem
884 641 941 688 ab
963 640 1028 688 cis
1050 641 1356 703 interemptus
1379 646 1466 686 est.
1490 641 1784 705 Armigerum

385 733 520 764 suum
560 717 698 764 etiam
739 716 996 779 capientes,
1040 716 1188 764 eidem
1222 716 1375 763 fractis
1415 732 1520 765 cum
1554 716 1785 779 lapidibus

384 792 616 849 dentibus,
646 793 804 839 oculos
825 798 1046 840 eruerunt
1070 809 1122 839 ac
1152 791 1319 839 deinde
1346 792 1586 839 dominum
1607 793 1785 841 Gaufri-

382 868 494 916 dum
521 868 580 916 de
610 870 828 916 Carmes2
854 874 900 916 et
927 869 1138 916 nonullos
1161 868 1274 915 alios
1304 868 1472 915 milites
1498 869 1779 925 occidentes,

383 946 597 992 dominos
614 945 672 992 de
686 950 840 992 castro
855 945 1076 1002 Quiefret,
1097 945 1381 993 Gauffridum
1397 946 1455 992 de
1470 947 1721 993 Conestran
1738 951 1785 992 et

382 1022 657 1070 Rollandum
677 1021 892 1085 Philippi,
918 1022 1152 1068 Britannie
1171 1022 1491 1077 senescallum,
1512 1023 1779 1084 ceperunt3.

381 1100 612 1161 Ceperunt
638 1097 776 1144 etiam
802 1097 1116 1144 Theobaldum
1142 1100 1317 1154 Meron,
1347 1097 1587 1144 doctorem
1612 1097 1656 1142 in
1678 1097 1783 1160 jure

380 1173 523 1227 civili,
570 1189 710 1235 quem
754 1172 811 1219 ad
858 1172 1159 1236 ignominiam
1200 1173 1307 1219 cleri
1349 1178 1598 1229 exeunteS‚
1643 1189 1783 1236 super

379 1250 600 1296 humeros
625 1249 723 1313 ejus
746 1248 839 1295 vini
866 1249 1179 1312 ponderosam
1206 1249 1434 1296 sarcinam
1460 1249 1783 1312 imposuerunt

379 1342 526 1388 usque
570 1324 627 1372 ad
672 1328 853 1388 Rupem
898 1324 1081 1372 Deriani
1130 1325 1410 1388 portandam
1461 1332 1505 1372 et
1556 1325 1782 1372 derisorie

379 1402 593 1449 dicebant
637 1401 675 1448 si
719 1402 899 1448 sarcine
943 1401 1162 1465 bajulatio
1206 1406 1252 1448 et
1295 1401 1474 1465 legendi
1514 1402 1782 1448 exercitatio

379 1493 521 1525 unum
556 1483 671 1524 erat.
702 1477 814 1526 Villa
845 1494 958 1524 vero
990 1477 1203 1540 spoliata,
1240 1483 1486 1539 antequam
1516 1477 1573 1524 ad
1601 1482 1782 1540 Rupem

377 1553 600 1610 redirent,
630 1554 808 1601 rurales
840 1553 1006 1616 patrie,
1044 1554 1122 1616 qui
1156 1553 1242 1601 sub
1276 1553 1450 1600 tributo
1481 1554 1782 1618 Anglicorum

377 1630 612 1685 vivebant,
632 1646 744 1677 mox
765 1629 999 1678 Gauffrido
1020 1630 1327 1677 Tournemine
1347 1647 1453 1678 cum
1471 1630 1628 1678 multis
1647 1630 1781 1694 pugi-

378 1707 496 1754 libus
536 1706 792 1763 accersitis,
837 1706 895 1753 ad
938 1723 1210 1754 succursum
1254 1707 1512 1754 vicinorum
1557 1707 1778 1754 accedere

378 1788 687 1838 maturarunt,
716 1783 798 1830 sed
826 1783 883 1830 ab
909 1782 1112 1847 Anglicis
1139 1782 1184 1829 in
1208 1782 1281 1829 via
1306 1783 1416 1830 victi
1443 1783 1656 1846 protinus
1682 1784 1780 1831 fue-

376 1865 502 1916 runt,
526 1859 608 1906 sed
628 1859 932 1922 postmodum
952 1859 1156 1906 Lannion
1176 1859 1347 1906 iterum
1365 1859 1622 1907 inhabitare
1645 1877 1780 1923 cepe-

375 1940 503 1982 runt.

441 2012 522 2057 474
541 2046 551 2057 .
580 2038 643 2045 —
669 2014 767 2058 Rex
794 2010 956 2074 Anglie
990 2026 1095 2057 cum
1129 2009 1350 2057 Gaufrido
1383 2010 1440 2058 de
1466 2010 1704 2058 Haricuria
1733 2016 1780 2058 et

374 2092 662 2134 armatorum
696 2086 830 2150 copia
865 2103 950 2149 per
982 2090 1192 2150 Hoguam
1227 2086 1380 2134 Sancti
1413 2087 1628 2136 Vedasti4
1662 2090 1779 2135 Nor-

422 2242 454 2276 1.
478 2241 530 2276 Le
553 2240 679 2276 meme
700 2250 940 2287 personnage
962 2245 1019 2277 est
1034 2241 1167 2287 appele
1187 2241 1344 2289 Geffroy
1359 2241 1405 2278 de
1419 2241 1661 2279 Pom-Blanc
1681 2243 1777 2279 dans

372 2300 428 2336 les
448 2300 609 2336 Grandes
632 2300 868 2344 Chroniques,
892 2299 984 2335 dont
1004 2300 1194 2346 plusieurs
1221 2300 1456 2337 manuscrits
1477 2301 1649 2337 donnent
1670 2302 1778 2338 d'ail-

372 2359 475 2394 leurs
491 2369 640 2394 comme
653 2358 846 2394 variantes
860 2371 866 2393 z
883 2358 1076 2405 Pyebianc
1089 2364 1126 2394 et
1140 2359 1335 2405 Poyblanc
1348 2361 1524 2404 (Grandes
1537 2361 1775 2406 Glirom'ques,

372 2422 399 2452 t.
424 2416 472 2461 V,
494 2428 529 2462 p.
553 2417 650 2457 447).

418 2474 453 2510 2.
478 2487 492 2507 «
518 2474 674 2521 Geffroy
694 2473 740 2510 de
760 2473 944 2510 Kaermel
966 2487 982 2507 »
1005 2475 1180 2520 (Grandes
1203 2476 1442 2520 miransque&
1464 2480 1491 2510 t.
1517 2475 1566 2521 V,
1587 2487 1623 2522 p.
1647 2476 1740 2522 448).

420 2533 453 2569 3.
478 2546 495 2565 «
516 2533 569 2568 Ils
597 2532 781 2579 pristrent
812 2532 915 2567 aussi
944 2533 978 2567 le
1007 2533 1186 2580 seigneur
1205 2532 1253 2569 du
1281 2533 1428 2569 chastel
1457 2534 1503 2569 de
1530 2534 1710 2577 Qoettrec
1739 2539 1776 2570 et

372 2591 650 2638 monseigneur
674 2591 830 2637 Geffroy
852 2591 896 2626 de
920 2591 1197 2636 Quoettrevan,
1221 2592 1429 2637 chevalier,
1451 2597 1488 2628 et
1509 2593 1652 2628 Rolant
1673 2594 1775 2628 Phc-

374 2653 492 2697 lippe,
527 2650 732 2686 souverain
773 2651 975 2685 seneschal
1010 2650 1055 2686 de
1089 2651 1315 2697 Bretaigne,
1350 2656 1386 2686 et
1418 2651 1575 2687 maistre
1607 2652 1776 2687 Thibaut

375 2710 550 2745 Meran...
578 2723 592 2742 »
616 2710 791 2749 (Grandes
815 2710 1051 2753 Chromques,
1074 2714 1101 2744 t.
1126 2709 1174 2754 V,
1196 2721 1232 2755 p.
1255 2709 1349 2753 448).

420 2769 452 2803 4.
477 2767 1044 2812 Saint-Vaast-de-la-Hougne,
1067 2768 1247 2813 Manche,
1270 2780 1343 2803 arr.
1368 2768 1413 2804 de
1434 2769 1646 2815 Valognes,
1670 2773 1772 2803 cant.

373 2828 418 2862 (le
451 2827 682 2871 Quettehou.
717 2816 895 2862 Edouard
928 2826 985 2861 III
1016 2838 1040 2872 y
1071 2826 1264 2873 debarqua
1304 2827 1337 2863 lc
1376 2827 1418 2862 1⁶2
1454 2827 1579 2873 juillet
1615 2826 1774 2867 (Roberr,
