<?xml version="1.0" encoding="UTF-8"?>
<!DOCTYPE html PUBLIC "-//W3C//DTD XHTML 1.0 Transitional//EN"
    "http://www.w3.org/TR/xhtml1/DTD/xhtml1-transitional.dtd">
<html xmlns="http://www.w3.org/1999/xhtml" xml:lang="en" lang="en">
 <head>
  <title>
</title>
<meta http-equiv="Content-Type" content="text/html;charset=utf-8" />
  <meta name='ocr-system' content='tesseract 3.04.00' />
  <meta name='ocr-capabilities' content='ocr_page ocr_carea ocr_par ocr_line ocrx_word'/>
</head>
<body>
  <div class='ocr_page' id='page_1' title='image "./chroniquedericha00lescuoft_0103.png"; bbox 0 0 2060 3345; ppageno 0'>
   <div class='ocr_carea' id='block_1_1' title="bbox 225 280 1614 328">
    <p class='ocr_par' dir='ltr' id='par_1_1' title="bbox 225 280 1614 328">
     <span class='ocr_line' id='line_1_1' title="bbox 225 280 1614 328; baseline -0.003 -9"><span class='ocrx_word' id='word_1_1' title='bbox 225 283 327 328; x_wconf 67' lang='grc'>1333]</span> <span class='ocrx_word' id='word_1_2' title='bbox 590 284 793 316; x_wconf 82' lang='lat' dir='ltr'>RIGHARDI</span> <span class='ocrx_word' id='word_1_3' title='bbox 823 284 949 316; x_wconf 87' lang='lat' dir='ltr'>SCOTI</span> <span class='ocrx_word' id='word_1_4' title='bbox 979 284 1244 316; x_wconf 85' lang='lat' dir='ltr'><strong>GHRONICON.</strong></span> <span class='ocrx_word' id='word_1_5' title='bbox 1576 280 1614 315; x_wconf 84' lang='grc'>31</span> 
     </span>
    </p>
   </div>
   <div class='ocr_carea' id='block_1_2' title="bbox 214 362 1625 2186">
    <p class='ocr_par' dir='ltr' id='par_1_2' title="bbox 214 362 1625 2186">
     <span class='ocr_line' id='line_1_2' title="bbox 222 362 1620 428; baseline -0.003 -16"><span class='ocrx_word' id='word_1_6' title='bbox 222 365 356 412; x_wconf 91' lang='lat' dir='ltr'>tificis</span> <span class='ocrx_word' id='word_1_7' title='bbox 382 382 407 412; x_wconf 92' lang='lat' dir='ltr'>a</span> <span class='ocrx_word' id='word_1_8' title='bbox 432 363 710 428; x_wconf 90' lang='lat' dir='ltr'>quibusdam</span> <span class='ocrx_word' id='word_1_9' title='bbox 736 362 1046 411; x_wconf 73' lang='lat' dir='ltr'>cardinalibus</span> <span class='ocrx_word' id='word_1_10' title='bbox 1072 362 1386 411; x_wconf 86' lang='lat' dir='ltr'>sustinebatur</span> <span class='ocrx_word' id='word_1_11' title='bbox 1410 362 1495 409; x_wconf 91' lang='lat' dir='ltr'>hec</span> <span class='ocrx_word' id='word_1_12' title='bbox 1519 362 1620 425; x_wconf 91' lang='lat' dir='ltr'>opi-</span> 
     </span>
     <span class='ocr_line' id='line_1_3' title="bbox 222 438 1622 505; baseline -0.004 -16"><span class='ocrx_word' id='word_1_13' title='bbox 222 443 298 489; x_wconf 92' lang='lat' dir='ltr'>nio</span> <span class='ocrx_word' id='word_1_14' title='bbox 324 448 547 505; x_wconf 83' lang='lat' dir='ltr'>tanquam</span> <span class='ocrx_word' id='word_1_15' title='bbox 567 457 694 497; x_wconf 84' lang='lat' dir='ltr'>vera,</span> <span class='ocrx_word' id='word_1_16' title='bbox 723 439 824 496; x_wconf 85' lang='lat' dir='ltr'>sed,</span> <span class='ocrx_word' id='word_1_17' title='bbox 846 446 1041 503; x_wconf 86' lang='lat' dir='ltr'>propter</span> <span class='ocrx_word' id='word_1_18' title='bbox 1064 441 1300 497; x_wconf 84' lang='lat' dir='ltr'>timorem,</span> <span class='ocrx_word' id='word_1_19' title='bbox 1319 438 1459 502; x_wconf 87' lang='lat' dir='ltr'>aliqui</span> <span class='ocrx_word' id='word_1_20' title='bbox 1484 438 1622 486; x_wconf 90' lang='lat' dir='ltr'>susti-</span> 
     </span>
     <span class='ocr_line' id='line_1_4' title="bbox 223 514 1622 582; baseline -0.005 -15"><span class='ocrx_word' id='word_1_21' title='bbox 223 520 396 567; x_wconf 81' lang='lat' dir='ltr'>nebant</span> <span class='ocrx_word' id='word_1_22' title='bbox 421 518 641 582; x_wconf 89' lang='lat' dir='ltr'>quoniam</span> <span class='ocrx_word' id='word_1_23' title='bbox 667 516 919 580; x_wconf 83' lang='lat' dir='ltr'>quemdam</span> <span class='ocrx_word' id='word_1_24' title='bbox 951 517 1141 564; x_wconf 87' lang='lat' dir='ltr'>fratrem</span> <span class='ocrx_word' id='word_1_25' title='bbox 1173 517 1514 580; x_wconf 81' lang='lat' dir='ltr'>predicatorem</span> <span class='ocrx_word' id='word_1_26' title='bbox 1544 514 1622 577; x_wconf 89' lang='lat' dir='ltr'>qui</span> 
     </span>
     <span class='ocr_line' id='line_1_5' title="bbox 222 591 1622 658; baseline -0.004 -16"><span class='ocrx_word' id='word_1_27' title='bbox 222 602 383 642; x_wconf 85' lang='lat' dir='ltr'>contra</span> <span class='ocrx_word' id='word_1_28' title='bbox 422 596 509 642; x_wconf 91' lang='lat' dir='ltr'>hoc</span> <span class='ocrx_word' id='word_1_29' title='bbox 548 594 818 658; x_wconf 81' lang='lat' dir='ltr'>predicabat</span> <span class='ocrx_word' id='word_1_30' title='bbox 855 609 1065 641; x_wconf 90' lang='lat' dir='ltr'>summus</span> <span class='ocrx_word' id='word_1_31' title='bbox 1100 594 1308 641; x_wconf 80' lang='lat' dir='ltr'>Pontifex</span> <span class='ocrx_word' id='word_1_32' title='bbox 1346 591 1622 640; x_wconf 87' lang='lat' dir='ltr'>incarcerari</span> 
     </span>
     <span class='ocr_line' id='line_1_6' title="bbox 221 667 1622 733; baseline -0.004 -15"><span class='ocrx_word' id='word_1_33' title='bbox 221 671 457 718; x_wconf 88' lang='lat' dir='ltr'>mandavit</span> <span class='ocrx_word' id='word_1_34' title='bbox 476 671 512 718; x_wconf 70' lang='lat'>⁴.</span> <span class='ocrx_word' id='word_1_35' title='bbox 530 670 677 717; x_wconf 86' lang='lat' dir='ltr'>Missis</span> <span class='ocrx_word' id='word_1_36' title='bbox 691 669 832 733; x_wconf 86' lang='lat' dir='ltr'>igitur</span> <span class='ocrx_word' id='word_1_37' title='bbox 851 685 877 715; x_wconf 92' lang='lat' dir='ltr'>a</span> <span class='ocrx_word' id='word_1_38' title='bbox 903 669 1046 716; x_wconf 88' lang='lat' dir='ltr'>latere</span> <span class='ocrx_word' id='word_1_39' title='bbox 1062 685 1182 732; x_wconf 90' lang='lat' dir='ltr'>pape</span> <span class='ocrx_word' id='word_1_40' title='bbox 1204 669 1386 717; x_wconf 86' lang='lat' dir='ltr'>duobus</span> <span class='ocrx_word' id='word_1_41' title='bbox 1401 667 1622 714; x_wconf 87' lang='lat' dir='ltr'>fratribus</span> 
     </span>
     <span class='ocr_line' id='line_1_7' title="bbox 218 745 1623 809; baseline -0.003 -14"><span class='ocrx_word' id='word_1_42' title='bbox 218 748 437 802; x_wconf 87' lang='lat' dir='ltr'>Parisius,</span> <span class='ocrx_word' id='word_1_43' title='bbox 467 747 612 794; x_wconf 89' lang='lat' dir='ltr'>altero</span> <span class='ocrx_word' id='word_1_44' title='bbox 644 746 842 803; x_wconf 84' lang='lat' dir='ltr'>minore,</span> <span class='ocrx_word' id='word_1_45' title='bbox 873 746 1019 793; x_wconf 88' lang='lat' dir='ltr'>altero</span> <span class='ocrx_word' id='word_1_46' title='bbox 1045 746 1356 809; x_wconf 85' lang='lat' dir='ltr'>predicatore,</span> <span class='ocrx_word' id='word_1_47' title='bbox 1388 745 1623 807; x_wconf 86' lang='lat' dir='ltr'>fratreque</span> 
     </span>
     <span class='ocr_line' id='line_1_8' title="bbox 219 822 1623 887; baseline -0.001 -16"><span class='ocrx_word' id='word_1_48' title='bbox 219 825 400 871; x_wconf 85' lang='lat' dir='ltr'>minore</span> <span class='ocrx_word' id='word_1_49' title='bbox 431 824 477 870; x_wconf 93' lang='lat' dir='ltr'>in</span> <span class='ocrx_word' id='word_1_50' title='bbox 514 823 661 887; x_wconf 91' lang='lat' dir='ltr'>plenis</span> <span class='ocrx_word' id='word_1_51' title='bbox 698 823 836 876; x_wconf 83' lang='lat' dir='ltr'>scolis</span> <span class='ocrx_word' id='word_1_52' title='bbox 872 822 1214 870; x_wconf 83' lang='lat' dir='ltr'>determinante</span> <span class='ocrx_word' id='word_1_53' title='bbox 1248 823 1424 870; x_wconf 89' lang='lat' dir='ltr'>animas</span> <span class='ocrx_word' id='word_1_54' title='bbox 1464 822 1623 869; x_wconf 88' lang='lat' dir='ltr'>beatas</span> 
     </span>
     <span class='ocr_line' id='line_1_9' title="bbox 219 897 1621 962; baseline -0.002 -15"><span class='ocrx_word' id='word_1_55' title='bbox 219 903 366 947; x_wconf 89' lang='lat' dir='ltr'>Deum</span> <span class='ocrx_word' id='word_1_56' title='bbox 400 899 513 947; x_wconf 89' lang='lat' dir='ltr'>facie</span> <span class='ocrx_word' id='word_1_57' title='bbox 544 899 604 947; x_wconf 91' lang='lat' dir='ltr'>ad</span> <span class='ocrx_word' id='word_1_58' title='bbox 643 899 807 947; x_wconf 89' lang='lat' dir='ltr'>faciem</span> <span class='ocrx_word' id='word_1_59' title='bbox 838 905 944 946; x_wconf 89' lang='lat' dir='ltr'>ante</span> <span class='ocrx_word' id='word_1_60' title='bbox 971 915 1021 946; x_wconf 89' lang='lat' dir='ltr'>se</span> <span class='ocrx_word' id='word_1_61' title='bbox 1051 904 1159 962; x_wconf 90' lang='lat' dir='ltr'>post</span> <span class='ocrx_word' id='word_1_62' title='bbox 1190 898 1314 945; x_wconf 91' lang='lat' dir='ltr'>diem</span> <span class='ocrx_word' id='word_1_63' title='bbox 1343 897 1502 962; x_wconf 89' lang='lat' dir='ltr'>judicii</span> <span class='ocrx_word' id='word_1_64' title='bbox 1529 913 1621 944; x_wconf 92' lang='lat' dir='ltr'>non</span> 
     </span>
     <span class='ocr_line' id='line_1_10' title="bbox 220 973 1619 1037; baseline -0.001 -15"><span class='ocrx_word' id='word_1_65' title='bbox 220 975 398 1032; x_wconf 85' lang='lat' dir='ltr'>videre,</span> <span class='ocrx_word' id='word_1_66' title='bbox 433 975 554 1022; x_wconf 88' lang='lat' dir='ltr'>inter</span> <span class='ocrx_word' id='word_1_67' title='bbox 589 975 789 1022; x_wconf 88' lang='lat' dir='ltr'>scolares</span> <span class='ocrx_word' id='word_1_68' title='bbox 823 990 1038 1022; x_wconf 84' lang='lat' dir='ltr'>murmur</span> <span class='ocrx_word' id='word_1_69' title='bbox 1069 974 1327 1021; x_wconf 86' lang='lat' dir='ltr'>maximum</span> <span class='ocrx_word' id='word_1_70' title='bbox 1361 973 1619 1037; x_wconf 86' lang='lat' dir='ltr'>generavit.</span> 
     </span>
     <span class='ocr_line' id='line_1_11' title="bbox 217 1050 1623 1115; baseline -0.002 -15"><span class='ocrx_word' id='word_1_71' title='bbox 217 1056 344 1100; x_wconf 89' lang='lat' dir='ltr'>Hanc</span> <span class='ocrx_word' id='word_1_72' title='bbox 381 1058 536 1100; x_wconf 90' lang='lat' dir='ltr'>autem</span> <span class='ocrx_word' id='word_1_73' title='bbox 567 1051 836 1115; x_wconf 88' lang='lat' dir='ltr'>opinionem</span> <span class='ocrx_word' id='word_1_74' title='bbox 868 1067 1031 1099; x_wconf 90' lang='lat' dir='ltr'>omnes</span> <span class='ocrx_word' id='word_1_75' title='bbox 1067 1050 1275 1115; x_wconf 82' lang='lat' dir='ltr'>magistri</span> <span class='ocrx_word' id='word_1_76' title='bbox 1312 1050 1357 1097; x_wconf 90' lang='lat' dir='ltr'>in</span> <span class='ocrx_word' id='word_1_77' title='bbox 1392 1050 1623 1114; x_wconf 80' lang='lat' dir='ltr'>theologia</span> 
     </span>
     <span class='ocr_line' id='line_1_12' title="bbox 217 1127 1624 1193; baseline -0.001 -17"><span class='ocrx_word' id='word_1_78' title='bbox 217 1130 418 1177; x_wconf 90' lang='lat' dir='ltr'>Parisius</span> <span class='ocrx_word' id='word_1_79' title='bbox 450 1129 779 1193; x_wconf 83' lang='lat' dir='ltr'>judicaverunt</span> <span class='ocrx_word' id='word_1_80' title='bbox 804 1134 1026 1192; x_wconf 88' lang='lat' dir='ltr'>tanquam</span> <span class='ocrx_word' id='word_1_81' title='bbox 1058 1128 1309 1176; x_wconf 87' lang='lat' dir='ltr'>hereticam</span> <span class='ocrx_word' id='word_1_82' title='bbox 1342 1134 1387 1174; x_wconf 92' lang='lat' dir='ltr'>et</span> <span class='ocrx_word' id='word_1_83' title='bbox 1422 1127 1624 1191; x_wconf 85' lang='lat' dir='ltr'>propha-</span> 
     </span>
     <span class='ocr_line' id='line_1_13' title="bbox 218 1203 1624 1268; baseline -0.003 -14"><span class='ocrx_word' id='word_1_84' title='bbox 218 1222 343 1253; x_wconf 87' lang='lat' dir='ltr'>nam.</span> <span class='ocrx_word' id='word_1_85' title='bbox 373 1206 577 1254; x_wconf 86' lang='lat' dir='ltr'>Audiens</span> <span class='ocrx_word' id='word_1_86' title='bbox 603 1211 758 1253; x_wconf 91' lang='lat' dir='ltr'>autem</span> <span class='ocrx_word' id='word_1_87' title='bbox 785 1204 928 1252; x_wconf 86' lang='lat' dir='ltr'>frater</span> <span class='ocrx_word' id='word_1_88' title='bbox 955 1204 1223 1267; x_wconf 86' lang='lat' dir='ltr'>predicator</span> <span class='ocrx_word' id='word_1_89' title='bbox 1250 1221 1337 1268; x_wconf 83' lang='lat' dir='ltr'>pro</span> <span class='ocrx_word' id='word_1_90' title='bbox 1358 1204 1444 1251; x_wconf 91' lang='lat' dir='ltr'>hac</span> <span class='ocrx_word' id='word_1_91' title='bbox 1469 1203 1624 1251; x_wconf 86' lang='lat' dir='ltr'>deter-</span> 
     </span>
     <span class='ocr_line' id='line_1_14' title="bbox 217 1281 1622 1338; baseline -0.002 -8"><span class='ocrx_word' id='word_1_92' title='bbox 217 1283 467 1330; x_wconf 89' lang='lat' dir='ltr'>minatione</span> <span class='ocrx_word' id='word_1_93' title='bbox 490 1283 612 1330; x_wconf 87' lang='lat' dir='ltr'>inter</span> <span class='ocrx_word' id='word_1_94' title='bbox 633 1283 834 1330; x_wconf 87' lang='lat' dir='ltr'>scolares</span> <span class='ocrx_word' id='word_1_95' title='bbox 855 1282 1124 1329; x_wconf 88' lang='lat' dir='ltr'>scandalum</span> <span class='ocrx_word' id='word_1_96' title='bbox 1144 1288 1301 1329; x_wconf 85' lang='lat' dir='ltr'>ortum</span> <span class='ocrx_word' id='word_1_97' title='bbox 1321 1298 1440 1338; x_wconf 87' lang='lat' dir='ltr'>esse,</span> <span class='ocrx_word' id='word_1_98' title='bbox 1465 1281 1622 1328; x_wconf 86' lang='lat' dir='ltr'>statim</span> 
     </span>
     <span class='ocr_line' id='line_1_15' title="bbox 217 1358 1623 1424; baseline -0.001 -17"><span class='ocrx_word' id='word_1_99' title='bbox 217 1360 275 1407; x_wconf 92' lang='lat' dir='ltr'>ad</span> <span class='ocrx_word' id='word_1_100' title='bbox 312 1376 481 1424; x_wconf 90' lang='lat' dir='ltr'>papam</span> <span class='ocrx_word' id='word_1_101' title='bbox 525 1359 687 1416; x_wconf 83' lang='lat' dir='ltr'>rediit,</span> <span class='ocrx_word' id='word_1_102' title='bbox 722 1359 852 1422; x_wconf 89' lang='lat' dir='ltr'>prius</span> <span class='ocrx_word' id='word_1_103' title='bbox 892 1365 1047 1406; x_wconf 90' lang='lat' dir='ltr'>tamen</span> <span class='ocrx_word' id='word_1_104' title='bbox 1080 1375 1317 1406; x_wconf 89' lang='lat' dir='ltr'>summum</span> <span class='ocrx_word' id='word_1_105' title='bbox 1352 1358 1623 1406; x_wconf 86' lang='lat' dir='ltr'>Pontificem</span> 
     </span>
     <span class='ocr_line' id='line_1_16' title="bbox 215 1434 1624 1498; baseline -0.001 -16"><span class='ocrx_word' id='word_1_106' title='bbox 215 1436 456 1483; x_wconf 87' lang='lat' dir='ltr'>excusavit</span> <span class='ocrx_word' id='word_1_107' title='bbox 473 1435 633 1483; x_wconf 89' lang='lat' dir='ltr'>dicens</span> <span class='ocrx_word' id='word_1_108' title='bbox 653 1436 700 1482; x_wconf 89' lang='lat' dir='ltr'>in</span> <span class='ocrx_word' id='word_1_109' title='bbox 717 1435 855 1498; x_wconf 91' lang='lat' dir='ltr'>pleno</span> <span class='ocrx_word' id='word_1_110' title='bbox 878 1451 1094 1482; x_wconf 88' lang='lat' dir='ltr'>sermone</span> <span class='ocrx_word' id='word_1_111' title='bbox 1122 1451 1215 1481; x_wconf 91' lang='lat' dir='ltr'>non</span> <span class='ocrx_word' id='word_1_112' title='bbox 1242 1434 1330 1482; x_wconf 89' lang='lat' dir='ltr'>hoc</span> <span class='ocrx_word' id='word_1_113' title='bbox 1348 1450 1455 1482; x_wconf 91' lang='lat' dir='ltr'>cum</span> <span class='ocrx_word' id='word_1_114' title='bbox 1472 1450 1624 1481; x_wconf 88' lang='lat' dir='ltr'>asser-</span> 
     </span>
     <span class='ocr_line' id='line_1_17' title="bbox 215 1509 1624 1574; baseline -0.001 -17"><span class='ocrx_word' id='word_1_115' title='bbox 215 1511 341 1558; x_wconf 89' lang='lat' dir='ltr'>tione</span> <span class='ocrx_word' id='word_1_116' title='bbox 365 1511 555 1559; x_wconf 87' lang='lat' dir='ltr'>dixisse.</span> <span class='ocrx_word' id='word_1_117' title='bbox 580 1513 695 1559; x_wconf 86' lang='lat' dir='ltr'>Cum</span> <span class='ocrx_word' id='word_1_118' title='bbox 725 1516 882 1558; x_wconf 90' lang='lat' dir='ltr'>autem</span> <span class='ocrx_word' id='word_1_119' title='bbox 915 1510 1001 1557; x_wconf 91' lang='lat' dir='ltr'>ista</span> <span class='ocrx_word' id='word_1_120' title='bbox 1033 1510 1092 1558; x_wconf 90' lang='lat' dir='ltr'>ad</span> <span class='ocrx_word' id='word_1_121' title='bbox 1118 1526 1254 1557; x_wconf 91' lang='lat' dir='ltr'>aures</span> <span class='ocrx_word' id='word_1_122' title='bbox 1282 1510 1409 1574; x_wconf 90' lang='lat' dir='ltr'>regis</span> <span class='ocrx_word' id='word_1_123' title='bbox 1435 1509 1624 1557; x_wconf 88' lang='lat' dir='ltr'>Francie</span> 
     </span>
     <span class='ocr_line' id='line_1_18' title="bbox 215 1584 1624 1648; baseline -0.001 -15"><span class='ocrx_word' id='word_1_124' title='bbox 215 1585 490 1633; x_wconf 90' lang='lat' dir='ltr'>devenirent</span> <span class='ocrx_word' id='word_1_125' title='bbox 523 1592 569 1633; x_wconf 92' lang='lat' dir='ltr'>et</span> <span class='ocrx_word' id='word_1_126' title='bbox 599 1585 781 1633; x_wconf 89' lang='lat' dir='ltr'>audiret</span> <span class='ocrx_word' id='word_1_127' title='bbox 819 1585 1058 1648; x_wconf 83' lang='lat' dir='ltr'>predictus</span> <span class='ocrx_word' id='word_1_128' title='bbox 1094 1584 1247 1632; x_wconf 89' lang='lat' dir='ltr'>minor</span> <span class='ocrx_word' id='word_1_129' title='bbox 1284 1601 1445 1648; x_wconf 88' lang='lat' dir='ltr'>regem</span> <span class='ocrx_word' id='word_1_130' title='bbox 1481 1601 1624 1648; x_wconf 83' lang='lat' dir='ltr'>super</span> 
     </span>
     <span class='ocr_line' id='line_1_19' title="bbox 216 1661 1624 1726; baseline 0 -17"><span class='ocrx_word' id='word_1_131' title='bbox 216 1662 303 1710; x_wconf 91' lang='lat' dir='ltr'>hoc</span> <span class='ocrx_word' id='word_1_132' title='bbox 322 1679 415 1711; x_wconf 89' lang='lat' dir='ltr'>non</span> <span class='ocrx_word' id='word_1_133' title='bbox 437 1669 776 1726; x_wconf 87' lang='lat' dir='ltr'>contemptum,</span> <span class='ocrx_word' id='word_1_134' title='bbox 799 1662 883 1709; x_wconf 88' lang='lat' dir='ltr'>ivit</span> <span class='ocrx_word' id='word_1_135' title='bbox 907 1661 965 1709; x_wconf 92' lang='lat' dir='ltr'>ad</span> <span class='ocrx_word' id='word_1_136' title='bbox 986 1677 1095 1710; x_wconf 90' lang='lat' dir='ltr'>eum</span> <span class='ocrx_word' id='word_1_137' title='bbox 1122 1678 1171 1708; x_wconf 91' lang='lat' dir='ltr'>se</span> <span class='ocrx_word' id='word_1_138' title='bbox 1191 1661 1463 1710; x_wconf 88' lang='lat' dir='ltr'>desiderans</span> <span class='ocrx_word' id='word_1_139' title='bbox 1484 1679 1624 1710; x_wconf 90' lang='lat' dir='ltr'>excu-</span> 
     </span>
     <span class='ocr_line' id='line_1_20' title="bbox 215 1738 1620 1801; baseline -0.001 -14"><span class='ocrx_word' id='word_1_140' title='bbox 215 1755 336 1787; x_wconf 85' lang='lat' dir='ltr'>sare.</span> <span class='ocrx_word' id='word_1_141' title='bbox 376 1743 474 1787; x_wconf 86' lang='lat' dir='ltr'>Rex</span> <span class='ocrx_word' id='word_1_142' title='bbox 507 1756 622 1786; x_wconf 89' lang='lat' dir='ltr'>vero</span> <span class='ocrx_word' id='word_1_143' title='bbox 656 1739 803 1786; x_wconf 88' lang='lat' dir='ltr'>voluit</span> <span class='ocrx_word' id='word_1_144' title='bbox 837 1744 887 1786; x_wconf 88' lang='lat' dir='ltr'>ut</span> <span class='ocrx_word' id='word_1_145' title='bbox 919 1754 1078 1786; x_wconf 87' lang='lat' dir='ltr'>coram</span> <span class='ocrx_word' id='word_1_146' title='bbox 1114 1738 1293 1786; x_wconf 87' lang='lat' dir='ltr'>clericis</span> <span class='ocrx_word' id='word_1_147' title='bbox 1331 1739 1620 1801; x_wconf 87' lang='lat' dir='ltr'>loqueretur,</span> 
     </span>
     <span class='ocr_line' id='line_1_21' title="bbox 215 1816 1624 1881; baseline -0.001 -16"><span class='ocrx_word' id='word_1_148' title='bbox 215 1818 575 1881; x_wconf 86' lang='lat' dir='ltr'>convocatisque</span> <span class='ocrx_word' id='word_1_149' title='bbox 592 1818 754 1866; x_wconf 90' lang='lat' dir='ltr'>decem</span> <span class='ocrx_word' id='word_1_150' title='bbox 775 1817 1047 1865; x_wconf 88' lang='lat' dir='ltr'>doctoribus</span> <span class='ocrx_word' id='word_1_151' title='bbox 1073 1816 1120 1863; x_wconf 93' lang='lat' dir='ltr'>in</span> <span class='ocrx_word' id='word_1_152' title='bbox 1140 1816 1373 1881; x_wconf 80' lang='lat' dir='ltr'>theologia</span> <span class='ocrx_word' id='word_1_153' title='bbox 1391 1816 1624 1864; x_wconf 90' lang='lat' dir='ltr'>sufficien-</span> 
     </span>
     <span class='ocr_line' id='line_1_22' title="bbox 214 1892 1623 1956; baseline -0.001 -17"><span class='ocrx_word' id='word_1_154' title='bbox 214 1893 412 1941; x_wconf 86' lang='lat' dir='ltr'>tioribus</span> <span class='ocrx_word' id='word_1_155' title='bbox 455 1910 658 1956; x_wconf 86' lang='lat' dir='ltr'>quorum</span> <span class='ocrx_word' id='word_1_156' title='bbox 702 1899 906 1956; x_wconf 85' lang='lat' dir='ltr'>quatuor</span> <span class='ocrx_word' id='word_1_157' title='bbox 947 1898 1081 1940; x_wconf 87' lang='lat' dir='ltr'>erant</span> <span class='ocrx_word' id='word_1_158' title='bbox 1125 1892 1356 1949; x_wconf 79' lang='lat' dir='ltr'>minores,</span> <span class='ocrx_word' id='word_1_159' title='bbox 1405 1892 1537 1955; x_wconf 87' lang='lat' dir='ltr'>petiit</span> <span class='ocrx_word' id='word_1_160' title='bbox 1577 1892 1623 1939; x_wconf 92' lang='lat' dir='ltr'>in</span> 
     </span>
     <span class='ocr_line' id='line_1_23' title="bbox 214 1968 1625 2033; baseline -0.001 -16"><span class='ocrx_word' id='word_1_161' title='bbox 214 1970 447 2033; x_wconf 90' lang='lat' dir='ltr'>presentia</span> <span class='ocrx_word' id='word_1_162' title='bbox 471 1970 666 2017; x_wconf 89' lang='lat' dir='ltr'>minoris</span> <span class='ocrx_word' id='word_1_163' title='bbox 691 1969 888 2032; x_wconf 85' lang='lat' dir='ltr'>predicti</span> <span class='ocrx_word' id='word_1_164' title='bbox 914 1986 999 2018; x_wconf 86' lang='lat' dir='ltr'>rex</span> <span class='ocrx_word' id='word_1_165' title='bbox 1026 1968 1152 2032; x_wconf 92' lang='lat' dir='ltr'>quod</span> <span class='ocrx_word' id='word_1_166' title='bbox 1180 1969 1397 2016; x_wconf 90' lang='lat' dir='ltr'>dicebant</span> <span class='ocrx_word' id='word_1_167' title='bbox 1428 1969 1486 2016; x_wconf 93' lang='lat' dir='ltr'>de</span> <span class='ocrx_word' id='word_1_168' title='bbox 1513 1969 1625 2016; x_wconf 92' lang='lat' dir='ltr'>doc-</span> 
     </span>
     <span class='ocr_line' id='line_1_24' title="bbox 214 2046 1623 2110; baseline 0 -17"><span class='ocrx_word' id='word_1_169' title='bbox 214 2047 335 2094; x_wconf 88' lang='lat' dir='ltr'>trina</span> <span class='ocrx_word' id='word_1_170' title='bbox 361 2063 443 2094; x_wconf 89' lang='lat' dir='ltr'>sua</span> <span class='ocrx_word' id='word_1_171' title='bbox 469 2063 619 2110; x_wconf 89' lang='lat' dir='ltr'>nuper</span> <span class='ocrx_word' id='word_1_172' title='bbox 644 2046 846 2094; x_wconf 91' lang='lat' dir='ltr'>Parisius</span> <span class='ocrx_word' id='word_1_173' title='bbox 881 2047 1121 2094; x_wconf 85' lang='lat' dir='ltr'>seminata.</span> <span class='ocrx_word' id='word_1_174' title='bbox 1158 2046 1242 2104; x_wconf 86' lang='lat' dir='ltr'>Qui</span> <span class='ocrx_word' id='word_1_175' title='bbox 1267 2062 1430 2093; x_wconf 91' lang='lat' dir='ltr'>omnes</span> <span class='ocrx_word' id='word_1_176' title='bbox 1457 2062 1623 2109; x_wconf 89' lang='lat' dir='ltr'>repro-</span> 
     </span>
     <span class='ocr_line' id='line_1_25' title="bbox 216 2123 1623 2186; baseline -0.001 -16"><span class='ocrx_word' id='word_1_177' title='bbox 216 2123 445 2172; x_wconf 85' lang='lat' dir='ltr'>baverunt</span> <span class='ocrx_word' id='word_1_178' title='bbox 491 2140 593 2171; x_wconf 92' lang='lat' dir='ltr'>eam</span> <span class='ocrx_word' id='word_1_179' title='bbox 634 2129 855 2186; x_wconf 90' lang='lat' dir='ltr'>tanquam</span> <span class='ocrx_word' id='word_1_180' title='bbox 898 2123 1150 2171; x_wconf 90' lang='lat' dir='ltr'>hereticam</span> <span class='ocrx_word' id='word_1_181' title='bbox 1191 2123 1288 2170; x_wconf 89' lang='lat' dir='ltr'>sive</span> <span class='ocrx_word' id='word_1_182' title='bbox 1330 2123 1493 2171; x_wconf 90' lang='lat' dir='ltr'>falsam</span> <span class='ocrx_word' id='word_1_183' title='bbox 1538 2138 1623 2170; x_wconf 90' lang='lat' dir='ltr'>nec</span> 
     </span>
    </p>
   </div>
   <div class='ocr_carea' id='block_1_3' title="bbox 214 2280 1623 2801">
    <p class='ocr_par' dir='ltr' id='par_1_3' title="bbox 214 2280 1623 2801">
     <span class='ocr_line' id='line_1_26' title="bbox 264 2280 1622 2328; baseline -0.001 -10"><span class='ocrx_word' id='word_1_184' title='bbox 264 2284 296 2318; x_wconf 76' lang='lat'>1.</span> <span class='ocrx_word' id='word_1_185' title='bbox 320 2282 419 2318; x_wconf 82' lang='lat' dir='ltr'>Sans</span> <span class='ocrx_word' id='word_1_186' title='bbox 434 2282 548 2319; x_wconf 84' lang='lat' dir='ltr'>doute</span> <span class='ocrx_word' id='word_1_187' title='bbox 563 2282 729 2318; x_wconf 83' lang='lat' dir='ltr'>Thomas</span> <span class='ocrx_word' id='word_1_188' title='bbox 746 2280 927 2328; x_wconf 79' lang='lat' dir='ltr'>Wasseis,</span> <span class='ocrx_word' id='word_1_189' title='bbox 943 2281 987 2317; x_wconf 88' lang='lat' dir='ltr'>de</span> <span class='ocrx_word' id='word_1_190' title='bbox 1004 2281 1140 2318; x_wconf 86' lang='lat' dir='ltr'>l&#39;ordre</span> <span class='ocrx_word' id='word_1_191' title='bbox 1155 2281 1220 2318; x_wconf 88' lang='lat' dir='ltr'>des</span> <span class='ocrx_word' id='word_1_192' title='bbox 1236 2281 1373 2318; x_wconf 80' lang='lat' dir='ltr'>Freres</span> <span class='ocrx_word' id='word_1_193' title='bbox 1390 2281 1622 2326; x_wconf 74' lang='lat' dir='ltr'>Precheurs,</span> 
     </span>
     <span class='ocr_line' id='line_1_27' title="bbox 215 2340 1621 2389; baseline -0.002 -12"><span class='ocrx_word' id='word_1_194' title='bbox 215 2352 288 2389; x_wconf 86' lang='lat' dir='ltr'>que</span> <span class='ocrx_word' id='word_1_195' title='bbox 321 2342 355 2378; x_wconf 92' lang='lat' dir='ltr'>le</span> <span class='ocrx_word' id='word_1_196' title='bbox 392 2352 486 2388; x_wconf 86' lang='lat' dir='ltr'>pape</span> <span class='ocrx_word' id='word_1_197' title='bbox 518 2342 617 2377; x_wconf 81' lang='lat' dir='ltr'>Jean</span> <span class='ocrx_word' id='word_1_198' title='bbox 657 2340 779 2376; x_wconf 83' lang='lat' dir='ltr'>XXII</span> <span class='ocrx_word' id='word_1_199' title='bbox 811 2341 851 2376; x_wconf 81' lang='lat' dir='ltr'>fit</span> <span class='ocrx_word' id='word_1_200' title='bbox 885 2341 1168 2377; x_wconf 84' lang='lat' dir='ltr'>effectivement</span> <span class='ocrx_word' id='word_1_201' title='bbox 1207 2340 1489 2388; x_wconf 83' lang='lat' dir='ltr'>emprisonner,</span> <span class='ocrx_word' id='word_1_202' title='bbox 1529 2351 1621 2385; x_wconf 80' lang='lat' dir='ltr'>non,</span> 
     </span>
     <span class='ocr_line' id='line_1_28' title="bbox 214 2399 1620 2447; baseline -0.002 -11"><span class='ocrx_word' id='word_1_203' title='bbox 214 2400 327 2436; x_wconf 81' lang='lat' dir='ltr'>disait</span> <span class='ocrx_word' id='word_1_204' title='bbox 348 2400 500 2437; x_wconf 90' lang='lat' dir='ltr'>celui-ci</span> <span class='ocrx_word' id='word_1_205' title='bbox 521 2400 616 2436; x_wconf 88' lang='lat' dir='ltr'>dans</span> <span class='ocrx_word' id='word_1_206' title='bbox 643 2411 720 2435; x_wconf 87' lang='lat' dir='ltr'>une</span> <span class='ocrx_word' id='word_1_207' title='bbox 742 2400 853 2435; x_wconf 82' lang='lat' dir='ltr'>lettre</span> <span class='ocrx_word' id='word_1_208' title='bbox 875 2410 922 2435; x_wconf 84' lang='lat' dir='ltr'>au</span> <span class='ocrx_word' id='word_1_209' title='bbox 944 2399 999 2435; x_wconf 85' lang='lat' dir='ltr'>roi</span> <span class='ocrx_word' id='word_1_210' title='bbox 1019 2399 1065 2436; x_wconf 86' lang='lat' dir='ltr'>de</span> <span class='ocrx_word' id='word_1_211' title='bbox 1085 2399 1252 2447; x_wconf 86' lang='lat' dir='ltr'>France,</span> <span class='ocrx_word' id='word_1_212' title='bbox 1273 2399 1322 2435; x_wconf 86' lang='lat' dir='ltr'>du</span> <span class='ocrx_word' id='word_1_213' title='bbox 1345 2401 1388 2436; x_wconf 81' lang='lat'>18</span> <span class='ocrx_word' id='word_1_214' title='bbox 1411 2399 1620 2435; x_wconf 79' lang='lat' dir='ltr'>novembre</span> 
     </span>
     <span class='ocr_line' id='line_1_29' title="bbox 215 2458 1623 2506; baseline -0.002 -10"><span class='ocrx_word' id='word_1_215' title='bbox 215 2459 320 2505; x_wconf 81' lang='lat'><strong>1333,</strong></span> <span class='ocrx_word' id='word_1_216' title='bbox 341 2470 455 2506; x_wconf 85' lang='lat' dir='ltr'>parce</span> <span class='ocrx_word' id='word_1_217' title='bbox 483 2470 555 2506; x_wconf 87' lang='lat' dir='ltr'>que</span> <span class='ocrx_word' id='word_1_218' title='bbox 577 2459 610 2495; x_wconf 92' lang='lat' dir='ltr'>le</span> <span class='ocrx_word' id='word_1_219' title='bbox 639 2458 767 2495; x_wconf 88' lang='lat' dir='ltr'>moine</span> <span class='ocrx_word' id='word_1_220' title='bbox 788 2458 890 2494; x_wconf 82' lang='lat' dir='ltr'>avait</span> <span class='ocrx_word' id='word_1_221' title='bbox 918 2459 1021 2505; x_wconf 76' lang='lat' dir='ltr'>parle</span> <span class='ocrx_word' id='word_1_222' title='bbox 1042 2463 1174 2495; x_wconf 87' lang='lat' dir='ltr'>contre</span> <span class='ocrx_word' id='word_1_223' title='bbox 1197 2459 1232 2494; x_wconf 86' lang='lat' dir='ltr'>la</span> <span class='ocrx_word' id='word_1_224' title='bbox 1253 2458 1378 2495; x_wconf 85' lang='lat' dir='ltr'>vision</span> <span class='ocrx_word' id='word_1_225' title='bbox 1398 2458 1623 2504; x_wconf 68' lang='lat' dir='ltr'>beatifique,</span> 
     </span>
     <span class='ocr_line' id='line_1_30' title="bbox 215 2516 1622 2567; baseline -0.002 -12"><span class='ocrx_word' id='word_1_226' title='bbox 215 2520 311 2555; x_wconf 78' lang='lat' dir='ltr'>mais</span> <span class='ocrx_word' id='word_1_227' title='bbox 331 2530 445 2566; x_wconf 83' lang='lat' dir='ltr'>parce</span> <span class='ocrx_word' id='word_1_228' title='bbox 465 2530 553 2567; x_wconf 82' lang='lat' dir='ltr'>que,</span> <span class='ocrx_word' id='word_1_229' title='bbox 575 2519 671 2554; x_wconf 88' lang='lat' dir='ltr'>dans</span> <span class='ocrx_word' id='word_1_230' title='bbox 694 2530 745 2554; x_wconf 89' lang='lat' dir='ltr'>un</span> <span class='ocrx_word' id='word_1_231' title='bbox 767 2528 937 2563; x_wconf 76' lang='lat' dir='ltr'>sermon,</span> <span class='ocrx_word' id='word_1_232' title='bbox 957 2517 981 2553; x_wconf 92' lang='lat' dir='ltr'>il</span> <span class='ocrx_word' id='word_1_233' title='bbox 1005 2518 1109 2554; x_wconf 82' lang='lat' dir='ltr'>avait</span> <span class='ocrx_word' id='word_1_234' title='bbox 1129 2518 1300 2565; x_wconf 77' lang='lat' dir='ltr'>exprime</span> <span class='ocrx_word' id='word_1_235' title='bbox 1329 2517 1520 2564; x_wconf 81' lang='lat' dir='ltr'>plusieurs</span> <span class='ocrx_word' id='word_1_236' title='bbox 1540 2516 1622 2563; x_wconf 87' lang='lat' dir='ltr'>opi-</span> 
     </span>
     <span class='ocr_line' id='line_1_31' title="bbox 216 2577 1621 2626; baseline -0.003 -12"><span class='ocrx_word' id='word_1_237' title='bbox 216 2579 329 2615; x_wconf 88' lang='lat' dir='ltr'>nions</span> <span class='ocrx_word' id='word_1_238' title='bbox 358 2579 422 2626; x_wconf 90' lang='lat' dir='ltr'>qui</span> <span class='ocrx_word' id='word_1_239' title='bbox 452 2580 607 2615; x_wconf 84' lang='lat' dir='ltr'>avaient</span> <span class='ocrx_word' id='word_1_240' title='bbox 627 2579 686 2614; x_wconf 77' lang='lat' dir='ltr'>ete</span> <span class='ocrx_word' id='word_1_241' title='bbox 705 2578 840 2625; x_wconf 79' lang='lat' dir='ltr'>jugees</span> <span class='ocrx_word' id='word_1_242' title='bbox 861 2577 1044 2613; x_wconf 75' lang='lat' dir='ltr'>erronees</span> <span class='ocrx_word' id='word_1_243' title='bbox 1063 2588 1130 2624; x_wconf 86' lang='lat' dir='ltr'>par</span> <span class='ocrx_word' id='word_1_244' title='bbox 1150 2577 1343 2624; x_wconf 87' lang='lat' dir='ltr'>plusieurs</span> <span class='ocrx_word' id='word_1_245' title='bbox 1363 2577 1542 2613; x_wconf 86' lang='lat' dir='ltr'>docteurs</span> <span class='ocrx_word' id='word_1_246' title='bbox 1572 2586 1621 2611; x_wconf 86' lang='lat' dir='ltr'>en</span> 
     </span>
     <span class='ocr_line' id='line_1_32' title="bbox 216 2633 1622 2684; baseline -0.004 -12"><span class='ocrx_word' id='word_1_247' title='bbox 216 2637 406 2684; x_wconf 82' lang='lat' dir='ltr'>theologie</span> <span class='ocrx_word' id='word_1_248' title='bbox 435 2637 599 2677; x_wconf 88' lang='lat' dir='ltr'>(Denifle</span> <span class='ocrx_word' id='word_1_249' title='bbox 626 2642 664 2672; x_wconf 90' lang='lat' dir='ltr'>et</span> <span class='ocrx_word' id='word_1_250' title='bbox 694 2635 910 2682; x_wconf 80' lang='lat' dir='ltr'>Chatelain,</span> <span class='ocrx_word' id='word_1_251' title='bbox 943 2636 1111 2672; x_wconf 79' lang='lat' dir='ltr'>Chartul.</span> <span class='ocrx_word' id='word_1_252' title='bbox 1146 2637 1307 2671; x_wconf 75' lang='lat' dir='ltr'>Univers.</span> <span class='ocrx_word' id='word_1_253' title='bbox 1343 2637 1474 2675; x_wconf 67' lang='lat' dir='ltr'>Paris„</span> <span class='ocrx_word' id='word_1_254' title='bbox 1510 2640 1535 2669; x_wconf 82' lang='lat' dir='ltr'>t.</span> <span class='ocrx_word' id='word_1_255' title='bbox 1567 2633 1622 2676; x_wconf 83' lang='grc' dir='ltr'>ΙΙ,</span> 
     </span>
     <span class='ocr_line' id='line_1_33' title="bbox 218 2688 1621 2742; baseline -0.002 -12"><span class='ocrx_word' id='word_1_256' title='bbox 218 2707 253 2742; x_wconf 91' lang='lat' dir='ltr'>p.</span> <span class='ocrx_word' id='word_1_257' title='bbox 282 2696 349 2731; x_wconf 77' lang='lat'>415</span> <span class='ocrx_word' id='word_1_258' title='bbox 379 2701 415 2732; x_wconf 89' lang='lat' dir='ltr'>et</span> <span class='ocrx_word' id='word_1_259' title='bbox 445 2696 531 2740; x_wconf 57' lang='lat'>42&amp;</span> <span class='ocrx_word' id='word_1_260' title='bbox 560 2688 880 2740; x_wconf 68' lang='lat' dir='ltr'>Quetif-Ecliard,</span> <span class='ocrx_word' id='word_1_261' title='bbox 909 2695 1109 2740; x_wconf 74' lang='lat' dir='ltr'>Scriptores</span> <span class='ocrx_word' id='word_1_262' title='bbox 1137 2696 1280 2731; x_wconf 78' lang='lat' dir='ltr'>ordinis</span> <span class='ocrx_word' id='word_1_263' title='bbox 1310 2695 1502 2737; x_wconf 63' lang='lat' dir='ltr'>Prodit-at„</span> <span class='ocrx_word' id='word_1_264' title='bbox 1534 2698 1560 2728; x_wconf 82' lang='lat' dir='ltr'>t.</span> <span class='ocrx_word' id='word_1_265' title='bbox 1590 2692 1621 2739; x_wconf 80' lang='grc' dir='ltr'>Ι,</span> 
     </span>
     <span class='ocr_line' id='line_1_34' title="bbox 220 2755 372 2801; baseline 0 -11"><span class='ocrx_word' id='word_1_266' title='bbox 220 2766 255 2801; x_wconf 88' lang='lat' dir='ltr'>p.</span> <span class='ocrx_word' id='word_1_267' title='bbox 280 2755 372 2799; x_wconf 78' lang='lat'>600).</span> 
     </span>
    </p>
   </div>
  </div>
 </body>
</html>
