2060 3345
305 312 410 358 1359]
534 315 740 348 ΒΙΟΗΑΒΒΙ
768 313 895 346 SCOTI
923 314 1130 346 CHRONICI
1158 314 1466 346 GONTINUATIO.
1638 310 1705 346 ’139

369 397 478 441 300.
501 422 564 430 -
580 393 804 441 Dominus
824 391 937 447 dux,
967 409 1134 456 regens
1157 409 1372 457 regnum,
1396 397 1579 456 partem
1602 392 1707 439 ville

301 471 527 519 Meleduni
554 486 694 533 quam
720 471 1035 516 Navarrenses
1061 470 1368 532 occupabant,
1398 469 1443 516 vi
1469 485 1707 517 armorum

301 563 580 610 recuperare
606 545 853 608 temptavit
884 545 965 592 sed
997 546 1043 592 in
1070 563 1261 603 vanum,
1288 547 1445 594 multis
1476 546 1708 593 reiteratis

301 623 573 686 periculosis
594 621 841 669 insultibus
861 622 906 667 in
925 622 1094 684 quibus
1120 624 1323 671 famosus
1341 624 1473 671 miles
1492 627 1709 671 Bertran-

300 717 387 748 nus
410 700 469 747 de
495 699 711 762 Glesquin
736 704 782 745 et
808 699 1013 745 nonnulli
1041 699 1114 745 alii
1144 717 1262 762 pene
1297 706 1343 748 et
1370 701 1428 748 ad
1454 701 1703 748 discrimen

300 776 514 823 ultimum
557 775 900 838 pervenerunt1
918 813 928 830 ,
974 775 1163 822 tandem
1206 776 1264 823 ad
1310 777 1606 825 tractandum
1649 777 1707 825 de

301 869 412 916 pace
463 852 711 899 amborum
752 851 1017 915 principum
1060 858 1220 914 partes
1264 860 1428 901 mutuo
1478 871 1709 902 convene-

299 936 426 977 runt.
448 929 573 977 Sicut
596 929 706 976 alias
727 934 890 993 gentes
905 928 1036 977 ducis
1050 945 1156 976 cum
1173 931 1389 977 maximis
1407 932 1708 994 pecuniarum

299 1006 446 1070 copiis
463 1006 672 1052 civitates
691 1012 735 1052 et
759 1005 1003 1069 [inJgentia
1022 1005 1183 1069 predia
1202 1007 1328 1071 regi2
1348 1011 1554 1056 Navarre
1571 1008 1710 1056 obtu-

298 1082 452 1128 lerunt
476 1081 554 1143 qui
578 1086 751 1136 tamen,
783 1081 994 1143 sequenti
1021 1081 1113 1136 die,
1143 1098 1249 1129 cum
1276 1083 1522 1147 negocium
1547 1084 1709 1130 crede-

298 1165 429 1205 retur
455 1163 832 1205 consummatum
853 1164 898 1205 et
912 1158 1192 1222 juramentis
1213 1159 1514 1216 wallandum,
1540 1165 1709 1207 tracta-

297 1235 477 1282 toribus
491 1234 712 1291 evocatis,
730 1235 963 1282 nescimus
985 1252 1079 1298 quo
1097 1235 1263 1283 ductus
1287 1236 1471 1299 spiritu,
1492 1237 1709 1284 omnibus

298 1311 587 1358 renunciavit
601 1311 659 1358 de
677 1311 847 1374 quibus
864 1312 1013 1359 fuerat
1029 1313 1383 1375 proloquutum,
1405 1313 1555 1361 solum
1570 1330 1709 1361 orans

299 1394 349 1435 ut
384 1388 648 1451 possideret
678 1387 869 1451 pacifice
904 1406 995 1451 que
1028 1394 1134 1436 ante
1169 1406 1364 1454 guerras
1391 1390 1704 1453 possidebat3.

298 1464 489 1512 Interim
516 1464 621 1511 duci
648 1465 983 1513 instantissime
1009 1466 1252 1529 requisivit
1279 1473 1329 1514 ut
1353 1467 1400 1513 in
1426 1467 1525 1531 ejus
1549 1473 1710 1530 posset

298 1540 453 1588 redire
487 1541 702 1605 gratiam,
734 1542 861 1605 quod
889 1542 986 1590 dux
1020 1559 1126 1590 curn
1158 1544 1415 1607 gratiarum
1450 1544 1709 1592 actionibus

298 1619 339 1665 ei
377 1618 627 1665 liberaliter
665 1619 894 1666 concessit
928 1625 974 1666 et
1005 1625 1133 1676 tuno,
1171 1620 1288 1668 sicut
1322 1621 1620 1683 promiserat,
1651 1638 1709 1668 ex

297 1694 454 1741 multis
477 1694 738 1757 municipiis
759 1694 887 1741 exire
906 1695 1064 1742 statuit
1080 1697 1411 1753 Navarrenses,
1435 1696 1558 1743 unde
1575 1696 1708 1743 multi

297 1771 636 1820 concludebant
656 1771 783 1834 quod
805 1772 956 1818 dictus
982 1788 1066 1819 rex
1091 1772 1313 1836 deinceps
1338 1773 1537 1820 multum
1564 1774 1707 1836 profi-

297 1855 423 1896 ceret
447 1848 533 1895 toti
558 1865 722 1913 regno,
753 1848 826 1896 alii
850 1854 1006 1896 autem
1032 1848 1247 1896 dicebant
1273 1849 1400 1913 quod
1433 1849 1520 1897 ista
1550 1850 1706 1897 omnia

296 1923 533 1972 maliciose
559 1925 741 1988 agebat.

364 2003 475 2047 304.
504 2029 568 2036 —
593 2001 666 2048 Sic
692 2017 804 2064 pace
830 2001 951 2048 inter
976 2017 1112 2065 reges
1135 2002 1337 2059 firmata,
1366 2001 1463 2050 dux
1490 2018 1575 2066 per
1595 2001 1706 2049 civi-

295 2082 414 2124 tates
454 2077 624 2124 multas
658 2078 835 2125 litteras
877 2078 1064 2135 direxit,
1101 2079 1291 2142 regem4
1332 2079 1487 2142 ipsum
1524 2095 1706 2126 recom-

294 2153 520 2201 mendans
546 2160 592 2201 et
611 2171 783 2218 rogans
808 2160 859 2202 ut
874 2155 920 2201 in
941 2155 1285 2219 regnicolarum
1300 2156 1511 2203 omnium
1526 2156 1706 2219 recipe-

295 2236 425 2278 retur
451 2230 666 2294 gratiam.
697 2233 811 2279 Cum
838 2231 1107 2279 difficultate
1133 2239 1286 2279 tamen
1315 2251 1340 2280 a
1371 2232 1705 2280 Parisiensibus

294 2307 495 2354 obtinuit
520 2313 571 2354 ut
598 2307 752 2371 ipsum
776 2324 934 2355 secum
961 2308 1020 2354 ad
1046 2308 1282 2356 civitatem
1301 2309 1571 2366 adduceret,
1597 2326 1704 2372 pre-

293 2384 449 2432 missis
483 2390 637 2431 tamen
676 2383 1019 2432 conditionibus
1052 2385 1179 2448 quod
1214 2385 1483 2449 proditores
1524 2385 1703 2449 aliquos

294 2476 412 2523 quos
437 2466 548 2508 tunc
576 2460 682 2508 duci
709 2461 1068 2509 nominaverunt
1097 2479 1188 2509 non
1214 2462 1574 2527 ingrederentur
1596 2479 1702 2510 cum

343 2611 375 2646 1.
397 2610 452 2645 Cf.
476 2610 681 2656 Froissart,
703 2610 761 2647 ed.
785 2611 904 2657 Luce,
923 2616 951 2649 t.
974 2611 1025 2658 V,
1046 2623 1081 2659 p.
1105 2623 1236 2660 XLVIII,
1255 2625 1293 2649 n.
1315 2613 1350 2650 2.

340 2668 376 2704 ⁶2.
399 2668 472 2704 Ms.
494 2671 604 2713 reglis.

342 2726 375 2761 3.
400 2726 456 2762 Cf.
481 2727 643 2763 Grandes
666 2728 902 2773 Ultroniqzces,
927 2731 953 2763 t.
974 2727 1042 2774 VI,
1065 2740 1099 2775 p.
1126 2729 1206 2766 159.

341 2784 373 2818 4.
402 2784 471 2819 Ms.
494 2796 631 2830 regens.
