2060 3345
233 305 335 352 1335]
599 308 805 341 RICHARDI
833 309 959 342 SCOTI
987 309 1254 343 CHRONIGON.
1590 309 1632 345 37

230 405 255 434 a
289 403 415 450 rege.
455 385 728 435 Ordinatum
764 385 920 448 itaque
955 387 1040 434 fuit
1073 387 1201 450 quod
1235 387 1273 435 si
1304 387 1468 451 aliquis
1499 388 1634 437 heres

230 463 486 527 probabiliS
511 467 760 526 appareret
784 478 841 508 ex
869 467 978 509 tunc
997 463 1149 511 eidem
1175 464 1220 511 in
1240 465 1634 529 recompensatio-

231 556 338 587 nem
364 539 582 588 ducatum
608 538 865 587 Aurelianis
890 539 1170 604 assignabat.
1200 530 1634 590 Contradicentibus

231 632 344 663 vero
362 616 641 679 quibusdam
655 615 927 672 baronibus,
950 617 1176 664 remansit
1193 619 1438 682 negocium
1459 618 1632 682 imper-

230 693 402 740 fectum
441 699 486 740 et
522 692 754 756 assignata
790 698 860 739 est
896 692 995 740 dies
1030 693 1089 740 ad
1126 695 1417 743 tractandum
1452 695 1511 743 de
1543 695 1632 744 isto

232 770 424 834 negocio
450 770 496 816 in
525 769 702 816 octabis
730 769 868 817 Marie
894 769 1176 834 Magdalene‚
1204 771 1372 819 iterum
1401 789 1547 836 usque
1573 773 1632 820 ad

229 847 509 894 dominicam
531 852 821 909 sequentem,
843 846 1013 909 illoque
1034 846 1107 894 die
1128 849 1373 912 negocium
1392 850 1456 897 sic
1481 855 1633 897 trans-

228 923 309 970 ivit
328 924 373 970 in
396 923 693 986 penduloque
720 923 945 970 remansit
969 939 1022 970 ac
1042 924 1240 972 finaliter
1258 925 1304 972 in
1326 925 1543 973 nichilum
1563 933 1634 973 est

229 1000 487 1047 redactum.

755 1101 795 1145 M
814 1100 915 1147 CCC
932 1101 1111 1148 XXXV.

294 1213 422 1259 94-h.
447 1240 510 1247 —
529 1212 663 1259 Anno
682 1213 862 1260 Domini
881 1228 915 1261 M
934 1226 1020 1262 ccc
1041 1213 1207 1270 xxxv0,
1231 1213 1446 1262 dominus
1466 1216 1634 1263 johan-

228 1305 309 1335 nes
330 1288 387 1335 de
408 1288 618 1351 Sepei01,
643 1289 812 1336 missus
834 1289 879 1335 in
903 1295 1077 1336 terram
1104 1292 1362 1337 Turcorum
1389 1290 1445 1337 ad
1473 1292 1634 1354 explo-

227 1365 399 1412 randos
432 1371 597 1428 portus
632 1371 678 1412 et
714 1381 879 1428 passus
914 1382 1002 1429 pro
1038 1366 1252 1429 passagio
1279 1369 1420 1413 Terre
1447 1369 1631 1422 Sancte,

226 1443 567 1506 episcopusque
588 1442 879 1490 Belvacensis
899 1443 977 1505 qui
1005 1459 1202 1506 peregre
1228 1443 1465 1507 profectus
1486 1445 1633 1492 fuerat

226 1525 386 1566 contra
413 1523 604 1573 Turcos,
631 1520 689 1566 ad
718 1520 907 1584 propria
933 1520 1175 1567 remeavit.

293 1599 419 1646 92-0.
441 1625 504 1632 —
523 1597 652 1645 Circa
673 1597 879 1644 medium
894 1597 1029 1661 junii,
1053 1597 1309 1645 Johannem
1332 1597 1499 1646 ducem
1519 1601 1636 1646 Nor-

226 1674 428 1730 mannie,
459 1674 820 1737 primogenitum
848 1674 989 1738 regis,
1013 1674 1170 1738 gravis
1196 1675 1393 1737 arripuit
1419 1676 1635 1740 egritudo

227 1751 270 1797 in
293 1755 472 1798 tantum
495 1756 543 1797 ut
562 1750 619 1797 de
643 1750 746 1814 ipso
771 1750 939 1798 medici
961 1750 1282 1814 desperantes,
1304 1769 1388 1798 rex
1410 1758 1454 1798 et
1476 1752 1634 1816 regina

226 1844 312 1890 per
337 1843 501 1874 omnes
520 1827 736 1874 ecclesias
761 1833 858 1873 tam
875 1845 899 1873 a
918 1827 1043 1875 clero
1069 1844 1210 1890 quan]
1233 1829 1406 1892 populo
1427 1828 1637 1876 fecerunt

226 1904 437 1952 divinum
469 1904 690 1952 auxilium
722 1905 992 1968 implorare.
1023 1907 1122 1952 Rex
1155 1921 1357 1969 namque
1383 1912 1563 1953 tantum
1591 1907 1633 1953 in

226 1980 545 2028 misericordia
586 1980 664 2028 Dei
708 1988 751 2028 et
796 1986 1065 2028 sanctorum
1103 1981 1281 2029 meritis
1322 1983 1636 2045 precibusque

226 2059 387 2122 populi
408 2058 671 2105 confidebat
695 2064 745 2105 ut
770 2058 944 2105 diceret
972 2075 1062 2105 non
1091 2059 1180 2105 cito
1208 2059 1406 2122 sepelire
1434 2060 1579 2107 filiurn
1597 2060 1633 2107 si

226 2135 394 2190 obiret,
430 2134 512 2181 sed
541 2134 760 2181 credebat
786 2135 911 2197 quod
939 2151 1045 2182 eum
1076 2138 1214 2191 Deus,
1255 2135 1394 2182 tantis
1427 2135 1636 2198 pulsatus

228 2212 462 2275 precibus,
489 2211 750 2258 suscitaret.
772 2213 978 2274 Cumque
1004 2212 1170 2259 fierent
1188 2212 1514 2275 processiones
1536 2213 1637 2259 ubi—

227 2306 317 2351 que
344 2294 389 2335 et
414 2305 440 2335 a
467 2293 699 2335 conventu
727 2288 879 2335 Sancti
908 2288 1112 2352 Dionysii
1141 2289 1378 2352 processio
1402 2296 1473 2336 ter
1500 2289 1636 2336 nudis

228 2365 427 2430 pedibus
453 2371 576 2412 esset
602 2366 721 2412 facta
745 2383 797 2412 ac
818 2365 942 2428 apud
963 2366 1296 2413 Taverniacum
1318 2366 1396 2413 ubi
1422 2366 1635 2413 infirmus

222 2443 404 2508 jacebat
430 2443 580 2490 delate
609 2442 802 2490 fuissent
827 2450 1118 2491 sacrosancte
1144 2443 1356 2506 reliquie,
1388 2443 1519 2490 clavo
1546 2447 1636 2490 Do-

277 2605 309 2638 4.
335 2616 349 2636 «
373 2603 573 2639 Johannes
604 2602 649 2639 de
680 2602 810 2648 Septio
835 2615 849 2635 1>
875 2602 1043 2645 (Contin.
1066 2602 1112 2638 de
1142 2602 1362 2639 Guillaunie
1393 2603 1438 2638 dc
1470 2602 1633 2649 Nangis,

231 2670 256 2697 t.
279 2662 330 2707 ΙΙ,
351 2673 386 2708 p.
412 2663 510 2708 145),
533 2682 578 2688 —-
601 2676 616 2694 «
636 2662 763 2697 Jehan
794 2662 839 2697 ‹le
869 2662 996 2708 Gepoy
1019 2676 1034 2694 »
1062 2663 1238 2705 (Grandes
1270 2663 1506 2706 Cin-ommam,
1532 2668 1557 2696 t.
1584 2661 1632 2706 V,

230 2734 266 2768 p.
289 2721 382 2766 361).
408 2721 439 2756 Il
471 2732 732 2768 aecompagna
760 2732 809 2757 cn
839 2730 882 2756 ce
910 2731 1055 2768 voyage
1082 2722 1182 2758 Jean
1203 2721 1248 2758 de
1271 2722 1464 2768 Marigny,
1488 2721 1632 2767 meque

231 2779 275 2815 de
297 2779 490 2816 Beauvais
513 2781 733 2825 (Clzrom'que
755 2783 967 2818 ›my-mande,
993 2791 1027 2826 p.
1052 2781 1122 2823 37).
