2060 3345
425 361 470 396 4⁶2
801 359 1005 393 nmmum
1034 359 1160 391 SCOTI
1187 358 1452 391 CHRONICON.
1718 353 1822 401 [1336

424 442 515 489 trui
548 440 668 488 circa
697 437 896 486 Parisius
921 441 968 483 et
994 435 1194 482 maxime
1219 436 1341 483 circa
1365 452 1529 484 nemus
1550 435 1825 482 Vicenarum

424 525 491 566 est
513 522 675 565 exorta
694 521 746 563 ut
766 513 963 562 tentoria
983 518 1029 560 et
1048 512 1249 561 cortinas
1275 529 1366 576 que
1392 528 1479 575 pro
1505 511 1825 575 purificatione

424 595 583 659 regine
609 610 700 656 que
724 592 868 638 filium
897 595 1145 654 pepererat
1172 590 1350 637 fuerant
1373 590 1549 636 elevata
1569 587 1627 635 ad
1651 594 1826 635 terram

424 673 760 735 prosterneret,
789 684 950 715 muros
976 672 1022 714 et
1047 667 1215 714 domos
1240 671 1498 722 corrueret,
1530 664 1825 728 pinnaculum

423 748 590 795 domus
611 744 770 809 regine
787 743 1098 800 subverteret,
1116 743 1310 790 arbores
1323 758 1489 806 magne
1500 740 1826 805 grossitudinis

422 827 670 878 everteret,
690 821 870 884 aliquos
887 820 1136 877 occideret,
1156 820 1363 867 breviter
1381 823 1611 882 quotquot
1630 823 1763 865 erant
1780 817 1824 864 in

423 916 613 946 nemore
639 897 917 948 vicenarum
943 896 1256 960 multipliciter
1282 895 1559 942 deterreret.

488 975 652 1021 403-d.
679 1001 742 1009 —-
769 975 883 1021 Cum
910 978 1107 1036 propter
1133 971 1487 1019 subversionem
1515 971 1653 1018 castri
1679 973 1825 1017 Xanc-

421 1051 626 1099 tonensis
667 1051 712 1097 in
751 1049 950 1097 Pictavia
988 1049 1155 1096 factam
1196 1065 1282 1111 per
1319 1048 1562 1094 dominum
1604 1047 1824 1094 Karolum

420 1128 638 1176 comitem
656 1126 899 1175 Alenconis
920 1125 1113 1172 fratrem
1133 1125 1258 1189 regis
1279 1129 1441 1172 exorta
1464 1124 1626 1171 fuisset
1646 1123 1826 1170 discor-

419 1205 494 1252 dia
513 1204 634 1251 inter
654 1219 815 1267 regem
832 1202 1021 1249 Francie
1038 1201 1300 1264 Philippum
1318 1207 1363 1247 et
1377 1200 1539 1264 Anglie
1555 1199 1824 1247 Eduardum

420 1287 464 1328 et
496 1281 617 1327 inter
641 1279 858 1327 comitem
884 1276 1185 1342 Aginensem⁴
1218 1282 1414 1339 propter
1440 1276 1665 1338 quasdam
1694 1276 1826 1323 villas

420 1364 465 1404 et
498 1356 781 1404 munitiones
807 1371 923 1418 quas
957 1353 1176 1401 dominus
1206 1353 1420 1409 Karolus‚
1454 1368 1610 1399 comes
1636 1352 1822 1408 Valesii‚

421 1438 552 1496 pater
574 1431 713 1495 regis,
737 1430 915 1478 dudum
934 1429 979 1475 in
998 1428 1268 1477 Gasconiam
1288 1444 1314 1473 a
1331 1428 1500 1475 Kar-olo
1522 1444 1633 1491 rege
1656 1428 1826 1475 missus

421 1509 516 1572 regi
544 1508 707 1572 Anglie
728 1506 946 1554 Eduardo
973 1505 1093 1568 patri
1114 1504 1259 1567 ipsius
1279 1504 1481 1551 Eduardi
1501 1510 1696 1567 propter
1715 1521 1824 1550 con—

420 1585 645 1633 tumacias
671 1583 924 1631 abstulerat
949 1582 995 1628 vi
1025 1597 1282 1637 armorum,
1314 1597 1404 1643 que
1437 1581 1590 1627 omnia
1622 1580 1708 1628 iste
1740 1597 1824 1627 rex

420 1662 580 1726 Anglie
601 1661 858 1724 repetebat,
883 1659 943 1706 ob
970 1659 1058 1706 hoc
1084 1658 1241 1721 plures
1263 1657 1417 1705 nuncii
1444 1657 1823 1705 transfretassent

421 1739 526 1786 hinc
543 1744 589 1785 et
605 1738 729 1793 inde,
751 1737 810 1784 ad
824 1735 1121 1783 concordiam
1143 1751 1234 1781 non
1256 1739 1509 1797 potuerunt
1529 1734 1707 1790 reduci,
1731 1734 1826 1781 ins-

418 1816 594 1879 tigante
620 1814 811 1862 domino
837 1813 1042 1861 Roberto
1068 1811 1126 1858 de
1152 1811 1395 1859 Attrabato
1420 1811 1499 1874 qui
1534 1811 1580 1857 in
1611 1810 1823 1875 Angliam

418 1891 748 1955 transfugerat,
778 1895 828 1937 ut
855 1887 1167 1937 communiter
1193 1887 1452 1935 dicebatur.

487 1968 655 2015 toli-e.
694 1995 757 2003 -——
786 1968 902 2015 Cum
931 1966 1052 2013 inter
1086 1981 1222 2028 reges
1249 1965 1481 2028 Hyspanie
1513 1971 1559 2012 et
1590 1967 1825 2012 Navarre2

422 2045 620 2092 maxima
648 2059 815 2108 guerra
848 2048 971 2090 esset
1007 2059 1092 2105 pro
1127 2042 1335 2089 custodia
1369 2041 1608 2106 cujusdam
1642 2041 1826 2089 abbatie

469 2186 501 2220 1.
523 2185 578 2220 La
598 2183 866 2221 continuation
887 2182 932 2219 de
948 2182 1168 2218 Guillaume
1189 2181 1234 2219 de
1255 2182 1403 2230 Nangis
1423 2186 1532 2229 porte
1552 2182 1657 2219 aussi
1675 2196 1690 2216 «
1708 2182 1822 2219 comi-

419 2248 498 2279 tem
517 2242 787 2289 Aiginensem,
807 2254 821 2275 »
845 2252 918 2288 que
939 2240 1092 2276 Geraud
1113 2251 1135 2276 a
1153 2240 1300 2288 corrige
1322 2251 1372 2276 en
1395 2253 1410 2274 «
1435 2240 1633 2277 civitatem
1654 2240 1824 2287 Aginen-

422 2312 503 2337 sem
525 2315 540 2334 »
566 2303 604 2347 (t.
627 2301 678 2346 ΙΙ,
701 2312 736 2347 p.
766 2300 868 2346 154);
891 2319 937 2326 —
959 2312 974 2332 «
1003 2304 1040 2335 et
1066 2310 1134 2346 par
1164 2299 1199 2334 16
1232 2304 1357 2336 comte
1390 2299 1434 2335 de
1468 2299 1580 2346 Gyen
1609 2313 1624 2333 »
1650 2300 1823 2345 (Grandes

423 2362 658 2404 Chroniques,
683 2364 710 2395 t.
727 2359 777 2405 V⁷
797 2370 833 2405 p.
858 2358 951 2405 366).
975 2358 1028 2394 Le
1050 2359 1089 2393 11
1115 2357 1213 2394 avril
1235 2358 1340 2405 1336,
1360 2347 1538 2394 Edouard
1559 2358 1616 2393 III
1637 2357 1824 2393 adressait

422 2431 471 2455 au
493 2418 548 2454 roi
568 2418 613 2454 de
634 2418 782 2454 France
803 2417 995 2464 plusieurs
1016 2416 1289 2453 reclamations
1311 2428 1358 2452 au
1381 2417 1480 2464 qu'et
1500 2416 1566 2452 des
1587 2421 1709 2452 terres
1731 2427 1825 2452 con-

421 2478 564 2515 1661665
584 2476 630 2513 de
651 2477 852 2523 Gascogne
876 2476 1049 2523 (Rymer,
1073 2476 1119 2512 R.
1144 2475 1198 2521 ΙΙ,
1218 2487 1254 2522 p.
1277 2487 1315 2521 11,
1338 2475 1433 2521 936).

470 2537 504 2572 2.
526 2536 599 2572 Les
620 2536 781 2573 Grandes
802 2536 1036 2580 Clwotzz'ques,
1057 2546 1207 2571 comme
1228 2538 1339 2570 notre
1361 2539 1512 2580 auteur,
1529 2538 1731 2570 racontent
1751 2545 1824 2580 que

425 2597 460 2632 la
480 2606 616 2641 guerre
630 2599 695 2631 eut
709 2594 785 2630 lieu
803 2607 818 2628 <t
835 2599 943 2630 entre
964 2594 999 2630 16
1021 2605 1087 2641 roy
1103 2593 1332 2641 d'Espaigue
1354 2599 1391 2630 et
1411 2594 1445 2628 16
1469 2604 1536 2640 roy
1551 2594 1596 2629 de
1617 2593 1789 2629 Navarre
1809 2607 1822 2627 »ν

424 2656 464 2701 (t.
488 2654 537 2699 V,
558 2666 594 2700 p.
618 2654 713 2699 367),
735 2653 860 2689 tandis
891 2663 964 2700 que
986 2653 1019 2689 le
1041 2653 1322 2689 Continuateur
1342 2652 1387 2688 de
1407 2652 1627 2688 Guillaumc
1649 2652 1693 2688 dc
1715 2653 1824 2688 Nan-

425 2713 497 2759 gis,
519 2723 612 2748 avec
640 2711 836 2757 beaucoup
866 2710 992 2746 moins
1021 2710 1066 2746 de
1094 2711 1409 2756 vraisemblance,
1431 2716 1510 2746 met
1531 2722 1606 2746 aux
1632 2710 1755 2757 prises
1776 2722 1824 2746 en

427 2777 526 2808 cctte
558 2770 735 2808 occasion
764 2771 799 2807 le
825 2770 881 2806 roi
906 2770 1175 2816 d’Angleterre
1207 2775 1245 2806 et
1273 2771 1307 2806 16
1337 2770 1393 2806 roi
1420 2769 1465 2806 de
1492 2770 1666 2806 Navarre
1689 2770 1824 2806 «inter

429 2841 558 2873 regem
578 2828 720 2877 Anglie
742 2834 779 2865 et
801 2840 929 2876 regem
950 2829 1122 2865 Navarre
1145 2844 1161 2863 »
1187 2831 1222 2875 (t.
1248 2829 1299 2875 ΙΙ,
1321 2841 1355 2877 p.
1381 2829 1471 2875 154).
