2060 3345
297 300 400 347 ι1363]
522 305 728 338 RICHARDI
756 305 883 338 SCOTI
911 305 1119 339 CHRONICI
1147 307 1454 341 CONTINUATIO.
1628 308 1691 344 157

359 384 450 429 336
460 419 470 430 .
481 411 544 418 —
555 382 789 431 Predones
801 389 848 430 et
858 389 1071 446 raptores
1081 384 1252 448 publici
1268 385 1345 448 qui
1357 403 1442 448 per
1454 387 1692 434 Franciam

290 458 433 505 libere
447 459 800 523 grassabantur,
825 464 976 507 castro
994 460 1051 507 de
1070 462 1207 508 Muri1
1230 478 1316 524 per
1334 462 1692 510 fraudulentiam

289 542 443 599 captO,
462 536 550 584 sito
565 553 713 599 prope
730 536 1013 593 Corbolium,
1034 538 1232 600 patriam
1249 538 1536 602 adjacentem
1557 556 1692 602 cepe-

287 619 396 660 runt
423 614 573 660 acrius
599 613 734 661 solito
761 613 977 660 infestare
1004 620 1050 661 et
1073 615 1167 661 fere
1194 616 1474 663 cotidianas?
1501 633 1691 680 erump-

286 689 436 736 tiones
464 689 702 746 facientes,
734 706 855 736 nunc
888 689 947 737 ad
978 690 1237 748 dexteram,
1268 709 1392 740 nune
1422 692 1481 740 ad
1518 693 1686 750 levam,

285 781 472 829 semper
497 765 673 830 ingenti
701 765 854 813 onusti
882 765 1044 828 preda,
1080 767 1138 814 ad
1166 783 1302 815 suum
1330 768 1690 816 revertebantur

283 842 528 905 oppidum.
562 846 735 890 Eorum
772 842 934 906 rapine
966 843 1296 891 intollerabiles
1335 851 1470 892 erant
1493 852 1545 893 et
1582 846 1688 893 ideo

282 919 620 982 querimoniam
646 919 795 982 plebis
825 919 1147 984 [excitabant].
1174 921 1300 969 Multi
1320 922 1484 969 armati
1506 922 1686 986 pugiles

281 995 360 1058 qui
377 1012 456 1043 eos
474 996 650 1043 viribus
669 995 955 1059 expellerent
976 996 1286 1054 destinantur,
1312 998 1390 1060 qui
1410 1004 1563 1045 tamen
1587 999 1687 1046 solo

280 1073 456 1120 assultu
488 1073 692 1120 contenti
716 1073 968 1130 levissimo,
996 1079 1219 1136 tanquam
1246 1090 1298 1121 re
1331 1075 1506 1137 optime
1532 1081 1681 1139 gesta,

280 1149 545 1197 Corbolium
577 1149 816 1197 redierunt
850 1155 895 1198 et
930 1149 988 1197 de
1025 1150 1145 1197 vinis
1183 1156 1229 1197 et
1266 1150 1543 1199 victualibus
1582 1152 1688 1199 hinc

279 1226 386 1273 inde
404 1227 449 1273 in
470 1226 665 1291 villagiis
685 1226 942 1274 distractis3
970 1226 1127 1274 villam
1149 1226 1413 1275 munientes
1431 1245 1550 1291 eque
1569 1228 1686 1276 dure

279 1303 397 1350 sicut
422 1303 580 1351 hostes
600 1308 826 1367 ceperunt
851 1304 1087 1352 infestare.

345 1384 455 1429 337.
479 1410 543 1417 —
562 1381 741 1445 Ubique
763 1382 954 1429 Francia
975 1381 1178 1444 predalis
1198 1386 1315 1439 erat,
1341 1381 1514 1445 ubique
1535 1398 1687 1445 popu-

276 1458 395 1506 lares
419 1459 623 1506 vicinos4
642 1464 688 1506 et
706 1464 841 1506 notos
866 1458 1180 1506 formidabant
1197 1459 1314 1507 sicut
1340 1459 1514 1516 hostes,
1539 1460 1682 1518 unde,

276 1533 480 1582 dimissis
499 1535 793 1599 agriculturis
820 1542 862 1582 et
886 1535 1100 1599 hospitiis
1122 1535 1326 1599 propriis
1349 1552 1455 1583 cum
1483 1536 1685 1584 residuis

275 1611 427 1669 bonis,
456 1612 683 1660 uxoribus
706 1618 751 1659 et
778 1612 935 1659 liberis
961 1612 1134 1675 ubique
1161 1612 1405 1676 fugientes,
1435 1613 1608 1676 oppida
1640 1619 1685 1661 et

274 1687 373 1735 loca
404 1689 575 1736 tutiora
599 1695 758 1752 petere
784 1689 1071 1753 cogebantur
1098 1689 1313 1751 quamvis
1344 1688 1430 1736 sub
1467 1695 1686 1752 pretextu

274 1765 568 1813 adversarios
589 1765 848 1829 expellandi
866 1782 952 1829 per
972 1771 1124 1814 totum
1143 1782 1340 1830 regnum
1361 1766 1683 1830 impositiones

274 1848 321 1889 et
361 1842 627 1890 exactiones
661 1843 945 1890 levarentur.
986 1844 1099 1891 Cum
1138 1849 1294 1890 autem
1336 1843 1495 1891 hostes
1528 1844 1684 1907 reipu-

273 1919 390 1967 blice
417 1920 585 1983 prefati
609 1926 814 1967 castrum
840 1926 946 1967 octo
970 1920 1201 1967 mensium
1230 1920 1381 1984 spatio
1404 1920 1678 1976 tenuissent,

268 1994 459 2058 jubente
497 2011 624 2059 rege,
662 1995 735 2041 vir
764 1995 958 2042 emerite
988 1995 1168 2053 militie,
1201 2012 1358 2043 comes
1391 1996 1681 2043 Autissiodo-

273 2072 440 2128 rensis,
480 2088 587 2119 cum
617 2072 712 2120 suis
745 2072 970 2120 accedens
1001 2072 1059 2120 ad
1098 2072 1344 2136 oppidum,
1385 2073 1516 2136 prius
1552 2072 1683 2120 dedi-

274 2148 396 2196 tione
429 2166 534 2196 cum
570 2149 788 2212 superbia
820 2155 1003 2213 negata,
1042 2149 1277 2197 machinas
1308 2149 1603 2214 jaculatorias
1636 2156 1682 2197 et

271 2226 575 2274 obsidionalia
611 2227 917 2274 instrumenta
951 2227 1092 2273 levari
1128 2226 1234 2274 fecit
1261 2245 1346 2291 per
1373 2228 1601 2275 ambitum
1635 2233 1682 2274 et

272 2318 379 2350 cum
411 2302 611 2350 assultus
646 2319 738 2349 non
775 2302 872 2349 sine
904 2302 1027 2365 jactu
1060 2302 1439 2365 ponderosorum
1474 2302 1680 2365 lapidum

271 2379 587 2427 continuasset
619 2396 703 2442 per
733 2385 829 2426 tres
861 2379 984 2435 dies,
1018 2379 1198 2435 hostes,
1231 2379 1386 2426 animo
1418 2378 1679 2427 conservati

274 2456 376 2520 (Sic)
406 2474 454 2504 se
480 2457 789 2505 reddiderunt
816 2462 860 2503 et
882 2462 1104 2511 castrum,
1136 2456 1293 2504 mobili
1323 2462 1369 2503 et
1395 2457 1490 2503 vita
1517 2455 1674 2503 salvis.

320 2602 351 2636 1.
375 2601 494 2645 Murs,
517 2602 657 2638 ancien
677 2602 841 2638 chateau
862 2602 949 2648 pros
970 2601 1015 2637 de
1038 2601 1188 2638 Corbeil
1211 2601 1545 2649 (Seinc-et-Oise).

318 2659 351 2694 ⁶2.
376 2659 448 2695 ΜΞ.
471 2662 693 2697 condamus.

320 2719 352 2754 3.
376 2719 446 2754 Ms.
470 2721 671 2756 destrae-tis.

317 2778 349 2814 4.
376 2778 426 2815 Le
446 2784 525 2815 mot
546 2782 682 2815 vicinos
703 2785 760 2815 est
783 2779 908 2825 repete
930 2778 1025 2814 (lans
1048 2779 1080 2814 le
1102 2779 1329 2815 manuscrit.
