<?xml version="1.0" encoding="UTF-8"?>
<!DOCTYPE html PUBLIC "-//W3C//DTD XHTML 1.0 Transitional//EN"
    "http://www.w3.org/TR/xhtml1/DTD/xhtml1-transitional.dtd">
<html xmlns="http://www.w3.org/1999/xhtml" xml:lang="en" lang="en">
 <head>
  <title>
</title>
<meta http-equiv="Content-Type" content="text/html;charset=utf-8" />
  <meta name='ocr-system' content='tesseract 3.04.00' />
  <meta name='ocr-capabilities' content='ocr_page ocr_carea ocr_par ocr_line ocrx_word'/>
</head>
<body>
  <div class='ocr_page' id='page_1' title='image "./chroniquedericha00lescuoft_0147.png"; bbox 0 0 2060 3345; ppageno 0'>
   <div class='ocr_carea' id='block_1_1' title="bbox 246 309 1647 355">
    <p class='ocr_par' dir='ltr' id='par_1_1' title="bbox 246 309 1647 355">
     <span class='ocr_line' id='line_1_1' title="bbox 246 309 1647 355; baseline 0 -10"><span class='ocrx_word' id='word_1_1' title='bbox 246 309 349 355; x_wconf 71' lang='grc'><strong>1346]</strong></span> <span class='ocrx_word' id='word_1_2' title='bbox 476 312 681 344; x_wconf 84' lang='lat' dir='ltr'><strong>RICHARDI</strong></span> <span class='ocrx_word' id='word_1_3' title='bbox 710 311 836 343; x_wconf 90' lang='lat' dir='ltr'>SCOTI</span> <span class='ocrx_word' id='word_1_4' title='bbox 865 311 1072 344; x_wconf 88' lang='lat' dir='ltr'><strong>CHRONICI</strong></span> <span class='ocrx_word' id='word_1_5' title='bbox 1101 311 1408 344; x_wconf 82' lang='lat' dir='ltr'><strong>CONTINUATIO.</strong></span> <span class='ocrx_word' id='word_1_6' title='bbox 1604 310 1647 345; x_wconf 73' lang='lat'><strong>75</strong></span> 
     </span>
    </p>
   </div>
   <div class='ocr_carea' id='block_1_2' title="bbox 232 387 1721 2370">
    <p class='ocr_par' dir='ltr' id='par_1_2' title="bbox 237 387 1721 1372">
     <span class='ocr_line' id='line_1_2' title="bbox 244 387 1646 452; baseline -0.001 -17"><span class='ocrx_word' id='word_1_7' title='bbox 244 389 367 436; x_wconf 84' lang='lat' dir='ltr'><strong>venit</strong></span> <span class='ocrx_word' id='word_1_8' title='bbox 394 389 537 452; x_wconf 86' lang='lat' dir='ltr'><strong>quod,</strong></span> <span class='ocrx_word' id='word_1_9' title='bbox 562 388 668 451; x_wconf 85' lang='lat' dir='ltr'><strong>quia</strong></span> <span class='ocrx_word' id='word_1_10' title='bbox 694 393 850 434; x_wconf 89' lang='lat' dir='ltr'><strong>custos</strong></span> <span class='ocrx_word' id='word_1_11' title='bbox 874 388 999 444; x_wconf 88' lang='lat' dir='ltr'><strong>ville,</strong></span> <span class='ocrx_word' id='word_1_12' title='bbox 1020 394 1211 435; x_wconf 89' lang='lat' dir='ltr'><strong>vocatus</strong></span> <span class='ocrx_word' id='word_1_13' title='bbox 1237 387 1453 435; x_wconf 89' lang='lat' dir='ltr'><strong>dominus</strong></span> <span class='ocrx_word' id='word_1_14' title='bbox 1478 388 1646 436; x_wconf 89' lang='lat' dir='ltr'><strong>Johan-</strong></span> 
     </span>
     <span class='ocr_line' id='line_1_3' title="bbox 243 463 1642 522; baseline -0.001 -10"><span class='ocrx_word' id='word_1_15' title='bbox 243 483 324 512; x_wconf 90' lang='lat' dir='ltr'><strong>nes</strong></span> <span class='ocrx_word' id='word_1_16' title='bbox 344 466 402 512; x_wconf 86' lang='lat' dir='ltr'><strong>de</strong></span> <span class='ocrx_word' id='word_1_17' title='bbox 417 466 608 522; x_wconf 81' lang='lat' dir='ltr'>Vienna,</span> <span class='ocrx_word' id='word_1_18' title='bbox 632 463 917 511; x_wconf 87' lang='lat' dir='ltr'><strong>deditionem</strong></span> <span class='ocrx_word' id='word_1_19' title='bbox 944 465 1195 521; x_wconf 89' lang='lat' dir='ltr'><strong>recusavit,</strong></span> <span class='ocrx_word' id='word_1_20' title='bbox 1219 464 1461 512; x_wconf 91' lang='lat' dir='ltr'><strong>obsidione</strong></span> <span class='ocrx_word' id='word_1_21' title='bbox 1482 464 1642 520; x_wconf 81' lang='lat' dir='ltr'>cinxit,</span> 
     </span>
     <span class='ocr_line' id='line_1_4' title="bbox 237 541 1642 606; baseline -0.001 -17"><span class='ocrx_word' id='word_1_22' title='bbox 237 543 397 606; x_wconf 88' lang='lat' dir='ltr'><strong>jurans</strong></span> <span class='ocrx_word' id='word_1_23' title='bbox 419 542 545 606; x_wconf 90' lang='lat' dir='ltr'><strong>quod</strong></span> <span class='ocrx_word' id='word_1_24' title='bbox 571 541 677 588; x_wconf 87' lang='lat' dir='ltr'><strong>inde</strong></span> <span class='ocrx_word' id='word_1_25' title='bbox 706 557 796 587; x_wconf 89' lang='lat' dir='ltr'><strong>non</strong></span> <span class='ocrx_word' id='word_1_26' title='bbox 822 541 1065 588; x_wconf 71' lang='lat' dir='ltr'><strong>recederet</strong></span> <span class='ocrx_word' id='word_1_27' title='bbox 1092 542 1177 588; x_wconf 86' lang='lat' dir='ltr'><strong>nisi</strong></span> <span class='ocrx_word' id='word_1_28' title='bbox 1205 542 1334 604; x_wconf 86' lang='lat' dir='ltr'><strong>prius</strong></span> <span class='ocrx_word' id='word_1_29' title='bbox 1360 547 1493 605; x_wconf 90' lang='lat' dir='ltr'><strong>capta</strong></span> <span class='ocrx_word' id='word_1_30' title='bbox 1520 541 1642 597; x_wconf 85' lang='lat' dir='ltr'><strong>villa,</strong></span> 
     </span>
     <span class='ocr_line' id='line_1_5' title="bbox 240 617 1646 682; baseline -0.001 -16"><span class='ocrx_word' id='word_1_31' title='bbox 240 625 285 666; x_wconf 82' lang='lat' dir='ltr'><strong>et</strong></span> <span class='ocrx_word' id='word_1_32' title='bbox 311 619 418 681; x_wconf 85' lang='lat' dir='ltr'><strong>quia</strong></span> <span class='ocrx_word' id='word_1_33' title='bbox 443 619 640 682; x_wconf 83' lang='lat' dir='ltr'><strong>hyemps</strong></span> <span class='ocrx_word' id='word_1_34' title='bbox 660 617 877 673; x_wconf 89' lang='lat' dir='ltr'><strong>instabat,</strong></span> <span class='ocrx_word' id='word_1_35' title='bbox 903 617 1078 680; x_wconf 77' lang='lat' dir='ltr'><strong>locagia</strong></span> <span class='ocrx_word' id='word_1_36' title='bbox 1104 618 1149 664; x_wconf 93' lang='lat' dir='ltr'><strong>in</strong></span> <span class='ocrx_word' id='word_1_37' title='bbox 1171 618 1366 666; x_wconf 89' lang='lat' dir='ltr'><strong>circuitu</strong></span> <span class='ocrx_word' id='word_1_38' title='bbox 1388 617 1487 665; x_wconf 88' lang='lat' dir='ltr'><strong>fieri</strong></span> <span class='ocrx_word' id='word_1_39' title='bbox 1514 617 1646 681; x_wconf 84' lang='lat' dir='ltr'><strong>jussit</strong></span> 
     </span>
     <span class='ocr_line' id='line_1_6' title="bbox 240 693 1645 758; baseline -0.001 -16"><span class='ocrx_word' id='word_1_40' title='bbox 240 696 298 742; x_wconf 91' lang='lat' dir='ltr'><strong>ad</strong></span> <span class='ocrx_word' id='word_1_41' title='bbox 344 695 537 743; x_wconf 87' lang='lat' dir='ltr'><strong>modum</strong></span> <span class='ocrx_word' id='word_1_42' title='bbox 580 693 820 758; x_wconf 87' lang='lat' dir='ltr'><strong>cujusdam</strong></span> <span class='ocrx_word' id='word_1_43' title='bbox 858 693 966 740; x_wconf 87' lang='lat' dir='ltr'><strong>ville</strong></span> <span class='ocrx_word' id='word_1_44' title='bbox 1005 711 1145 756; x_wconf 92' lang='lat' dir='ltr'><strong>quam</strong></span> <span class='ocrx_word' id='word_1_45' title='bbox 1183 695 1346 744; x_wconf 81' lang='lat' dir='ltr'>Villam</span> <span class='ocrx_word' id='word_1_46' title='bbox 1390 711 1559 742; x_wconf 87' lang='lat' dir='ltr'><strong>novam</strong></span> <span class='ocrx_word' id='word_1_47' title='bbox 1599 699 1645 741; x_wconf 90' lang='lat' dir='ltr'><strong>et</strong></span> 
     </span>
     <span class='ocr_line' id='line_1_7' title="bbox 240 770 1646 819; baseline -0.001 0"><span class='ocrx_word' id='word_1_48' title='bbox 240 772 462 819; x_wconf 83' lang='lat' dir='ltr'><strong>audacem</strong></span> <span class='ocrx_word' id='word_1_49' title='bbox 482 770 628 818; x_wconf 88' lang='lat' dir='ltr'><strong>voluit</strong></span> <span class='ocrx_word' id='word_1_50' title='bbox 646 770 889 818; x_wconf 89' lang='lat' dir='ltr'><strong>nominari.</strong></span> <span class='ocrx_word' id='word_1_51' title='bbox 912 770 1212 818; x_wconf 90' lang='lat' dir='ltr'><strong>Obsidionem</strong></span> <span class='ocrx_word' id='word_1_52' title='bbox 1233 771 1423 819; x_wconf 88' lang='lat' dir='ltr'><strong>audiens</strong></span> <span class='ocrx_word' id='word_1_53' title='bbox 1444 788 1528 818; x_wconf 88' lang='lat' dir='ltr'><strong>rex</strong></span> <span class='ocrx_word' id='word_1_54' title='bbox 1543 771 1646 819; x_wconf 92' lang='lat' dir='ltr'><strong>Phi-</strong></span> 
     </span>
     <span class='ocr_line' id='line_1_8' title="bbox 239 847 1721 912; baseline 0 -17"><span class='ocrx_word' id='word_1_55' title='bbox 239 848 411 912; x_wconf 86' lang='lat' dir='ltr'>lippus,</span> <span class='ocrx_word' id='word_1_56' title='bbox 435 848 554 895; x_wconf 89' lang='lat' dir='ltr'><strong>ultra</strong></span> <span class='ocrx_word' id='word_1_57' title='bbox 583 847 850 894; x_wconf 81' lang='lat' dir='ltr'><strong>exactiones</strong></span> <span class='ocrx_word' id='word_1_58' title='bbox 877 854 1123 895; x_wconf 91' lang='lat' dir='ltr'><strong>consuetas</strong></span> <span class='ocrx_word' id='word_1_59' title='bbox 1141 853 1187 894; x_wconf 91' lang='lat' dir='ltr'><strong>et</strong></span> <span class='ocrx_word' id='word_1_60' title='bbox 1206 847 1300 895; x_wconf 87' lang='lat' dir='ltr'><strong>fere</strong></span> <span class='ocrx_word' id='word_1_61' title='bbox 1328 847 1647 911; x_wconf 79' lang='lat' dir='ltr'><strong>importabiles</strong></span> <span class='ocrx_word' id='word_1_62' title='bbox 1716 862 1721 865; x_wconf 50' lang='lat'>¹</span> 
     </span>
     <span class='ocr_line' id='line_1_9' title="bbox 238 923 1647 988; baseline -0.001 -18"><span class='ocrx_word' id='word_1_63' title='bbox 238 924 459 988; x_wconf 81' lang='lat' dir='ltr'><strong>regnicoli</strong></span> <span class='ocrx_word' id='word_1_64' title='bbox 480 924 590 971; x_wconf 86' lang='lat' dir='ltr'><strong>alias</strong></span> <span class='ocrx_word' id='word_1_65' title='bbox 617 923 942 986; x_wconf 74' lang='lat' dir='ltr'><strong>superaddidit</strong></span> <span class='ocrx_word' id='word_1_66' title='bbox 961 930 1006 970; x_wconf 89' lang='lat' dir='ltr'><strong>et.</strong></span> <span class='ocrx_word' id='word_1_67' title='bbox 1027 923 1084 971; x_wconf 94' lang='lat' dir='ltr'><strong>de</strong></span> <span class='ocrx_word' id='word_1_68' title='bbox 1103 940 1331 971; x_wconf 89' lang='lat' dir='ltr'><strong>consensu</strong></span> <span class='ocrx_word' id='word_1_69' title='bbox 1358 942 1496 988; x_wconf 89' lang='lat' dir='ltr'><strong>pape,</strong></span> <span class='ocrx_word' id='word_1_70' title='bbox 1522 923 1647 971; x_wconf 90' lang='lat' dir='ltr'><strong>deci-</strong></span> 
     </span>
     <span class='ocr_line' id='line_1_10' title="bbox 238 1000 1648 1064; baseline 0 -16"><span class='ocrx_word' id='word_1_71' title='bbox 238 1017 338 1048; x_wconf 89' lang='lat' dir='ltr'><strong>mas</strong></span> <span class='ocrx_word' id='word_1_72' title='bbox 352 1001 651 1048; x_wconf 85' lang='lat' dir='ltr'><strong>ecclesiarum</strong></span> <span class='ocrx_word' id='word_1_73' title='bbox 672 1000 910 1064; x_wconf 80' lang='lat' dir='ltr'><strong>colligenS,</strong></span> <span class='ocrx_word' id='word_1_74' title='bbox 932 1017 1037 1047; x_wconf 89' lang='lat' dir='ltr'><strong>cum</strong></span> <span class='ocrx_word' id='word_1_75' title='bbox 1056 1000 1113 1047; x_wconf 90' lang='lat' dir='ltr'><strong>ab</strong></span> <span class='ocrx_word' id='word_1_76' title='bbox 1132 1001 1356 1048; x_wconf 89' lang='lat' dir='ltr'><strong>usurariis</strong></span> <span class='ocrx_word' id='word_1_77' title='bbox 1374 1001 1648 1049; x_wconf 87' lang='lat' dir='ltr'><strong>Lombardis</strong></span> 
     </span>
     <span class='ocr_line' id='line_1_11' title="bbox 238 1076 1648 1141; baseline 0 -17"><span class='ocrx_word' id='word_1_78' title='bbox 238 1077 447 1141; x_wconf 79' lang='lat' dir='ltr'><strong>ingentes</strong></span> <span class='ocrx_word' id='word_1_79' title='bbox 467 1077 687 1140; x_wconf 83' lang='lat' dir='ltr'><strong>pecunias</strong></span> <span class='ocrx_word' id='word_1_80' title='bbox 704 1076 995 1133; x_wconf 67' lang='lat' dir='ltr'><strong>extorsisset,</strong></span> <span class='ocrx_word' id='word_1_81' title='bbox 1014 1077 1119 1124; x_wconf 85' lang='lat' dir='ltr'><strong>ville</strong></span> <span class='ocrx_word' id='word_1_82' title='bbox 1137 1078 1297 1126; x_wconf 86' lang='lat' dir='ltr'><strong>Calesii</strong></span> <span class='ocrx_word' id='word_1_83' title='bbox 1318 1078 1522 1125; x_wconf 84' lang='lat' dir='ltr'><strong>decrevit</strong></span> <span class='ocrx_word' id='word_1_84' title='bbox 1544 1094 1648 1124; x_wconf 89' lang='lat' dir='ltr'><strong>suc-</strong></span> 
     </span>
     <span class='ocr_line' id='line_1_12' title="bbox 237 1153 1648 1218; baseline -0.001 -16"><span class='ocrx_word' id='word_1_85' title='bbox 237 1171 443 1211; x_wconf 88' lang='lat' dir='ltr'><strong>currere,</strong></span> <span class='ocrx_word' id='word_1_86' title='bbox 466 1154 596 1218; x_wconf 90' lang='lat' dir='ltr'><strong>prius</strong></span> <span class='ocrx_word' id='word_1_87' title='bbox 624 1160 779 1201; x_wconf 90' lang='lat' dir='ltr'><strong>tamen</strong></span> <span class='ocrx_word' id='word_1_88' title='bbox 805 1153 851 1200; x_wconf 90' lang='lat' dir='ltr'><strong>in</strong></span> <span class='ocrx_word' id='word_1_89' title='bbox 872 1153 1063 1201; x_wconf 89' lang='lat' dir='ltr'><strong>ecclesia</strong></span> <span class='ocrx_word' id='word_1_90' title='bbox 1086 1154 1207 1201; x_wconf 88' lang='lat' dir='ltr'><strong>beati</strong></span> <span class='ocrx_word' id='word_1_91' title='bbox 1227 1154 1430 1218; x_wconf 87' lang='lat' dir='ltr'><strong>Dionysii</strong></span> <span class='ocrx_word' id='word_1_92' title='bbox 1458 1160 1648 1217; x_wconf 86' lang='lat' dir='ltr'><strong>accepta</strong></span> 
     </span>
     <span class='ocr_line' id='line_1_13' title="bbox 237 1230 1646 1294; baseline -0.001 -16"><span class='ocrx_word' id='word_1_93' title='bbox 237 1230 538 1278; x_wconf 88' lang='lat' dir='ltr'><strong>devotissime</strong></span> <span class='ocrx_word' id='word_1_94' title='bbox 573 1230 886 1287; x_wconf 89' lang='lat' dir='ltr'><strong>aurissamma,</strong></span> <span class='ocrx_word' id='word_1_95' title='bbox 926 1247 1067 1294; x_wconf 89' lang='lat' dir='ltr'><strong>quam</strong></span> <span class='ocrx_word' id='word_1_96' title='bbox 1105 1231 1295 1278; x_wconf 88' lang='lat' dir='ltr'><strong>domino</strong></span> <span class='ocrx_word' id='word_1_97' title='bbox 1334 1230 1554 1280; x_wconf 87' lang='lat' dir='ltr'><strong>Gaufrido</strong></span> <span class='ocrx_word' id='word_1_98' title='bbox 1588 1230 1646 1277; x_wconf 90' lang='lat' dir='ltr'><strong>de</strong></span> 
     </span>
     <span class='ocr_line' id='line_1_14' title="bbox 237 1307 1014 1372; baseline -0.001 -16"><span class='ocrx_word' id='word_1_99' title='bbox 237 1308 436 1372; x_wconf 79' lang='lat' dir='ltr'><strong>Chargni</strong></span> <span class='ocrx_word' id='word_1_100' title='bbox 462 1307 654 1354; x_wconf 85' lang='lat' dir='ltr'><strong>tradidit</strong></span> <span class='ocrx_word' id='word_1_101' title='bbox 679 1307 1014 1355; x_wconf 82' lang='lat' dir='ltr'><strong>defferendam.</strong></span> 
     </span>
    </p>

    <p class='ocr_par' dir='ltr' id='par_1_3' title="bbox 235 1384 1647 1678">
     <span class='ocr_line' id='line_1_15' title="bbox 303 1384 1645 1449; baseline 0 -18"><span class='ocrx_word' id='word_1_102' title='bbox 303 1384 413 1432; x_wconf 70' lang='grc'><strong>472.</strong></span> <span class='ocrx_word' id='word_1_103' title='bbox 435 1412 498 1420; x_wconf 91' lang='lat'><strong>-—</strong></span> <span class='ocrx_word' id='word_1_104' title='bbox 521 1384 649 1432; x_wconf 86' lang='lat' dir='ltr'><strong>Circa</strong></span> <span class='ocrx_word' id='word_1_105' title='bbox 665 1384 790 1432; x_wconf 92' lang='lat' dir='ltr'><strong>idem</strong></span> <span class='ocrx_word' id='word_1_106' title='bbox 812 1389 1018 1448; x_wconf 89' lang='lat' dir='ltr'><strong>tempus,</strong></span> <span class='ocrx_word' id='word_1_107' title='bbox 1043 1401 1127 1431; x_wconf 87' lang='lat' dir='ltr'><strong>rex</strong></span> <span class='ocrx_word' id='word_1_108' title='bbox 1143 1385 1382 1449; x_wconf 87' lang='lat' dir='ltr'><strong>Philippus</strong></span> <span class='ocrx_word' id='word_1_109' title='bbox 1403 1385 1645 1432; x_wconf 91' lang='lat' dir='ltr'><strong>dominum</strong></span> 
     </span>
     <span class='ocr_line' id='line_1_16' title="bbox 236 1460 1646 1526; baseline -0.001 -16"><span class='ocrx_word' id='word_1_110' title='bbox 236 1461 508 1511; x_wconf 89' lang='lat' dir='ltr'><strong>Gaufridum</strong></span> <span class='ocrx_word' id='word_1_111' title='bbox 539 1460 596 1508; x_wconf 92' lang='lat' dir='ltr'><strong>de</strong></span> <span class='ocrx_word' id='word_1_112' title='bbox 628 1461 881 1516; x_wconf 84' lang='lat' dir='ltr'><strong>Haricuria‚</strong></span> <span class='ocrx_word' id='word_1_113' title='bbox 914 1462 1226 1525; x_wconf 84' lang='lat' dir='ltr'><strong>proditorem,</strong></span> <span class='ocrx_word' id='word_1_114' title='bbox 1258 1463 1338 1526; x_wconf 85' lang='lat' dir='ltr'><strong>qui</strong></span> <span class='ocrx_word' id='word_1_115' title='bbox 1367 1463 1508 1509; x_wconf 88' lang='lat' dir='ltr'><strong>multa</strong></span> <span class='ocrx_word' id='word_1_116' title='bbox 1535 1478 1646 1509; x_wconf 89' lang='lat' dir='ltr'><strong>con-</strong></span> 
     </span>
     <span class='ocr_line' id='line_1_17' title="bbox 235 1538 1647 1604; baseline 0 -19"><span class='ocrx_word' id='word_1_117' title='bbox 235 1545 306 1586; x_wconf 87' lang='lat' dir='ltr'><strong>tra</strong></span> <span class='ocrx_word' id='word_1_118' title='bbox 350 1554 549 1602; x_wconf 84' lang='lat' dir='ltr'><strong>regnum</strong></span> <span class='ocrx_word' id='word_1_119' title='bbox 597 1538 784 1585; x_wconf 89' lang='lat' dir='ltr'><strong>molitus</strong></span> <span class='ocrx_word' id='word_1_120' title='bbox 829 1538 1000 1595; x_wconf 85' lang='lat' dir='ltr'><strong>fuerat,</strong></span> <span class='ocrx_word' id='word_1_121' title='bbox 1050 1540 1229 1603; x_wconf 85' lang='lat' dir='ltr'><strong>recepit</strong></span> <span class='ocrx_word' id='word_1_122' title='bbox 1277 1540 1322 1586; x_wconf 90' lang='lat' dir='ltr'><strong>in</strong></span> <span class='ocrx_word' id='word_1_123' title='bbox 1361 1538 1559 1604; x_wconf 86' lang='lat' dir='ltr'><strong>gratiam</strong></span> <span class='ocrx_word' id='word_1_124' title='bbox 1600 1544 1647 1585; x_wconf 91' lang='lat' dir='ltr'><strong>et</strong></span> 
     </span>
     <span class='ocr_line' id='line_1_18' title="bbox 236 1614 1302 1678; baseline 0.001 -16"><span class='ocrx_word' id='word_1_125' title='bbox 236 1614 463 1678; x_wconf 79' lang='lat' dir='ltr'><strong>quidquid</strong></span> <span class='ocrx_word' id='word_1_126' title='bbox 490 1614 765 1662; x_wconf 87' lang='lat' dir='ltr'><strong>forefecerat</strong></span> <span class='ocrx_word' id='word_1_127' title='bbox 790 1615 1042 1662; x_wconf 90' lang='lat' dir='ltr'><strong>clementer</strong></span> <span class='ocrx_word' id='word_1_128' title='bbox 1067 1615 1302 1663; x_wconf 78' lang='lat' dir='ltr'><strong>indulsit1.</strong></span> 
     </span>
    </p>

    <p class='ocr_par' dir='ltr' id='par_1_4' title="bbox 234 1692 1643 1969">
     <span class='ocr_line' id='line_1_19' title="bbox 303 1692 1639 1757; baseline 0.001 -19"><span class='ocrx_word' id='word_1_129' title='bbox 303 1694 412 1738; x_wconf 88' lang='grc'><strong>473.</strong></span> <span class='ocrx_word' id='word_1_130' title='bbox 446 1720 510 1728; x_wconf 93' lang='lat'>—</span> <span class='ocrx_word' id='word_1_131' title='bbox 541 1693 716 1756; x_wconf 86' lang='lat' dir='ltr'><strong>Symon</strong></span> <span class='ocrx_word' id='word_1_132' title='bbox 752 1692 962 1747; x_wconf 91' lang='lat' dir='ltr'><strong>Poulleti,</strong></span> <span class='ocrx_word' id='word_1_133' title='bbox 1000 1693 1246 1757; x_wconf 81' lang='lat' dir='ltr'><strong>burgensis</strong></span> <span class='ocrx_word' id='word_1_134' title='bbox 1280 1693 1483 1740; x_wconf 88' lang='lat' dir='ltr'><strong>Parisius</strong></span> <span class='ocrx_word' id='word_1_135' title='bbox 1515 1692 1639 1756; x_wconf 75' lang='lat' dir='ltr'><strong>(sio),</strong></span> 
     </span>
     <span class='ocr_line' id='line_1_20' title="bbox 235 1767 1643 1832; baseline -0.001 -17"><span class='ocrx_word' id='word_1_136' title='bbox 235 1767 342 1832; x_wconf 85' lang='lat' dir='ltr'><strong>quia</strong></span> <span class='ocrx_word' id='word_1_137' title='bbox 383 1767 567 1814; x_wconf 85' lang='lat' dir='ltr'><strong>dixerat</strong></span> <span class='ocrx_word' id='word_1_138' title='bbox 608 1768 735 1830; x_wconf 90' lang='lat' dir='ltr'><strong>quod</strong></span> <span class='ocrx_word' id='word_1_139' title='bbox 774 1784 859 1815; x_wconf 88' lang='lat' dir='ltr'><strong>rex</strong></span> <span class='ocrx_word' id='word_1_140' title='bbox 899 1768 1062 1832; x_wconf 82' lang='lat' dir='ltr'><strong>Anglie</strong></span> <span class='ocrx_word' id='word_1_141' title='bbox 1100 1769 1175 1832; x_wconf 87' lang='lat' dir='ltr'><strong>jus</strong></span> <span class='ocrx_word' id='word_1_142' title='bbox 1215 1768 1364 1832; x_wconf 87' lang='lat' dir='ltr'><strong>majus</strong></span> <span class='ocrx_word' id='word_1_143' title='bbox 1408 1768 1453 1814; x_wconf 92' lang='lat' dir='ltr'><strong>in</strong></span> <span class='ocrx_word' id='word_1_144' title='bbox 1497 1784 1643 1832; x_wconf 82' lang='lat' dir='ltr'><strong>regno</strong></span> 
     </span>
     <span class='ocr_line' id='line_1_21' title="bbox 234 1844 1642 1908; baseline 0 -17"><span class='ocrx_word' id='word_1_145' title='bbox 234 1844 423 1892; x_wconf 89' lang='lat' dir='ltr'><strong>Francie</strong></span> <span class='ocrx_word' id='word_1_146' title='bbox 448 1844 647 1892; x_wconf 89' lang='lat' dir='ltr'><strong>habebat</strong></span> <span class='ocrx_word' id='word_1_147' title='bbox 673 1860 815 1907; x_wconf 90' lang='lat' dir='ltr'><strong>quam</strong></span> <span class='ocrx_word' id='word_1_148' title='bbox 839 1861 924 1892; x_wconf 90' lang='lat' dir='ltr'><strong>rex</strong></span> <span class='ocrx_word' id='word_1_149' title='bbox 949 1845 1206 1908; x_wconf 88' lang='lat' dir='ltr'><strong>Philippus,</strong></span> <span class='ocrx_word' id='word_1_150' title='bbox 1237 1850 1460 1908; x_wconf 87' lang='lat' dir='ltr'><strong>tanquam</strong></span> <span class='ocrx_word' id='word_1_151' title='bbox 1480 1844 1642 1907; x_wconf 85' lang='lat' dir='ltr'><strong>prodi-</strong></span> 
     </span>
     <span class='ocr_line' id='line_1_22' title="bbox 234 1920 715 1969; baseline 0 -1"><span class='ocrx_word' id='word_1_152' title='bbox 234 1927 310 1969; x_wconf 89' lang='lat' dir='ltr'><strong>tor</strong></span> <span class='ocrx_word' id='word_1_153' title='bbox 333 1921 588 1968; x_wconf 90' lang='lat' dir='ltr'><strong>decollatus</strong></span> <span class='ocrx_word' id='word_1_154' title='bbox 614 1920 715 1968; x_wconf 87' lang='lat' dir='ltr'><strong>fuit.</strong></span> 
     </span>
    </p>

    <p class='ocr_par' dir='ltr' id='par_1_5' title="bbox 236 1997 1643 2139">
     <span class='ocr_line' id='line_1_23' title="bbox 302 1997 1643 2063; baseline 0.001 -18"><span class='ocrx_word' id='word_1_155' title='bbox 302 1998 413 2045; x_wconf 67' lang='lat'><strong>474.</strong></span> <span class='ocrx_word' id='word_1_156' title='bbox 448 2026 512 2033; x_wconf 92' lang='lat'>—</span> <span class='ocrx_word' id='word_1_157' title='bbox 543 1998 665 2046; x_wconf 89' lang='lat' dir='ltr'><strong>Obiit</strong></span> <span class='ocrx_word' id='word_1_158' title='bbox 697 2004 806 2045; x_wconf 89' lang='lat' dir='ltr'><strong>tunc</strong></span> <span class='ocrx_word' id='word_1_159' title='bbox 837 1997 934 2045; x_wconf 89' lang='lat' dir='ltr'><strong>dux</strong></span> <span class='ocrx_word' id='word_1_160' title='bbox 967 1998 1234 2063; x_wconf 83' lang='lat' dir='ltr'><strong>Burgundie</strong></span> <span class='ocrx_word' id='word_1_161' title='bbox 1265 1998 1521 2062; x_wconf 90' lang='lat' dir='ltr'><strong>Philippus,</strong></span> <span class='ocrx_word' id='word_1_162' title='bbox 1554 1998 1643 2046; x_wconf 86' lang='lat' dir='ltr'><strong>fra-</strong></span> 
     </span>
     <span class='ocr_line' id='line_1_24' title="bbox 236 2075 1171 2139; baseline -0.003 -17"><span class='ocrx_word' id='word_1_163' title='bbox 236 2081 306 2122; x_wconf 88' lang='lat' dir='ltr'><strong>ter</strong></span> <span class='ocrx_word' id='word_1_164' title='bbox 332 2075 493 2139; x_wconf 81' lang='lat' dir='ltr'><strong>regine</strong></span> <span class='ocrx_word' id='word_1_165' title='bbox 520 2075 760 2122; x_wconf 77' lang='lat' dir='ltr'><strong>Francie2.</strong></span> <span class='ocrx_word' id='word_1_166' title='bbox 1168 2118 1171 2119; x_wconf 16' lang='lat'><em>⁷</em></span> 
     </span>
    </p>

    <p class='ocr_par' dir='ltr' id='par_1_6' title="bbox 232 2151 1642 2370">
     <span class='ocr_line' id='line_1_25' title="bbox 302 2151 1642 2217; baseline 0.002 -20"><span class='ocrx_word' id='word_1_167' title='bbox 302 2154 411 2198; x_wconf 77' lang='grc'><strong>475.</strong></span> <span class='ocrx_word' id='word_1_168' title='bbox 446 2179 510 2186; x_wconf 90' lang='grc'><strong>-</strong></span> <span class='ocrx_word' id='word_1_169' title='bbox 542 2153 708 2199; x_wconf 88' lang='lat' dir='ltr'><strong>Comes</strong></span> <span class='ocrx_word' id='word_1_170' title='bbox 738 2151 901 2206; x_wconf 90' lang='lat' dir='ltr'><strong>Derbi‚</strong></span> <span class='ocrx_word' id='word_1_171' title='bbox 937 2152 1177 2216; x_wconf 82' lang='lat' dir='ltr'><strong>Anglicus,</strong></span> <span class='ocrx_word' id='word_1_172' title='bbox 1214 2159 1371 2200; x_wconf 89' lang='lat' dir='ltr'><strong>custos</strong></span> <span class='ocrx_word' id='word_1_173' title='bbox 1405 2153 1642 2217; x_wconf 80' lang='lat' dir='ltr'><strong>Burdega-</strong></span> 
     </span>
     <span class='ocr_line' id='line_1_26' title="bbox 233 2227 1639 2294; baseline 0 -19"><span class='ocrx_word' id='word_1_174' title='bbox 233 2228 372 2276; x_wconf 85' lang='lat' dir='ltr'><strong>lensis</strong></span> <span class='ocrx_word' id='word_1_175' title='bbox 407 2227 553 2284; x_wconf 89' lang='lat' dir='ltr'><strong>urbis,</strong></span> <span class='ocrx_word' id='word_1_176' title='bbox 583 2228 738 2274; x_wconf 86' lang='lat' dir='ltr'><strong>villam</strong></span> <span class='ocrx_word' id='word_1_177' title='bbox 771 2229 923 2275; x_wconf 84' lang='lat' dir='ltr'><strong>Sancti</strong></span> <span class='ocrx_word' id='word_1_178' title='bbox 952 2229 1172 2277; x_wconf 85' lang='lat' dir='ltr'><strong>Johannis</strong></span> <span class='ocrx_word' id='word_1_179' title='bbox 1198 2230 1431 2294; x_wconf 79' lang='lat' dir='ltr'><strong>Angeliaci</strong></span> <span class='ocrx_word' id='word_1_180' title='bbox 1464 2229 1639 2292; x_wconf 81' lang='lat' dir='ltr'><strong>absque</strong></span> 
     </span>
     <span class='ocr_line' id='line_1_27' title="bbox 232 2304 1642 2370; baseline 0.001 -18"><span class='ocrx_word' id='word_1_181' title='bbox 232 2305 494 2352; x_wconf 89' lang='lat' dir='ltr'><strong>resistentia</strong></span> <span class='ocrx_word' id='word_1_182' title='bbox 521 2305 660 2368; x_wconf 86' lang='lat' dir='ltr'><strong>cepit,</strong></span> <span class='ocrx_word' id='word_1_183' title='bbox 693 2304 953 2368; x_wconf 82' lang='lat' dir='ltr'><strong>eodemque</strong></span> <span class='ocrx_word' id='word_1_184' title='bbox 985 2305 1128 2353; x_wconf 91' lang='lat' dir='ltr'><strong>modo</strong></span> <span class='ocrx_word' id='word_1_185' title='bbox 1149 2307 1346 2354; x_wconf 86' lang='lat' dir='ltr'><strong>Pictavis</strong></span> <span class='ocrx_word' id='word_1_186' title='bbox 1372 2307 1474 2370; x_wconf 78' lang='lat' dir='ltr'><strong>(sic)</strong></span> <span class='ocrx_word' id='word_1_187' title='bbox 1504 2323 1642 2354; x_wconf 88' lang='lat' dir='ltr'><strong>occu-</strong></span> 
     </span>
    </p>
   </div>
   <div class='ocr_carea' id='block_1_3' title="bbox 232 2434 1640 2834">
    <p class='ocr_par' dir='ltr' id='par_1_7' title="bbox 232 2434 1640 2658">
     <span class='ocr_line' id='line_1_28' title="bbox 281 2434 1640 2483; baseline 0 -13"><span class='ocrx_word' id='word_1_188' title='bbox 281 2435 313 2470; x_wconf 83' lang='lat'><strong>1.</strong></span> <span class='ocrx_word' id='word_1_189' title='bbox 339 2434 497 2481; x_wconf 79' lang='lat' dir='ltr'><strong>D&#39;apres</strong></span> <span class='ocrx_word' id='word_1_190' title='bbox 519 2434 555 2469; x_wconf 85' lang='lat' dir='ltr'><strong>la</strong></span> <span class='ocrx_word' id='word_1_191' title='bbox 575 2434 878 2479; x_wconf 67' lang='lat' dir='ltr'><strong>Chronoqrapliia</strong></span> <span class='ocrx_word' id='word_1_192' title='bbox 898 2446 972 2480; x_wconf 69' lang='lat' dir='ltr'><strong>req.</strong></span> <span class='ocrx_word' id='word_1_193' title='bbox 997 2437 1125 2471; x_wconf 76' lang='lat' dir='ltr'><strong>F&#39;ranc.</strong></span> <span class='ocrx_word' id='word_1_194' title='bbox 1152 2438 1189 2477; x_wconf 82' lang='lat' dir='ltr'><strong>(t.</strong></span> <span class='ocrx_word' id='word_1_195' title='bbox 1211 2436 1261 2481; x_wconf 86' lang='lat' dir='ltr'><strong>II,</strong></span> <span class='ocrx_word' id='word_1_196' title='bbox 1277 2448 1312 2483; x_wconf 88' lang='lat' dir='ltr'><strong>p.</strong></span> <span class='ocrx_word' id='word_1_197' title='bbox 1336 2436 1432 2481; x_wconf 70' lang='lat'><strong>2:37),</strong></span> <span class='ocrx_word' id='word_1_198' title='bbox 1454 2436 1489 2471; x_wconf 82' lang='lat' dir='ltr'><strong>la</strong></span> <span class='ocrx_word' id='word_1_199' title='bbox 1510 2436 1640 2471; x_wconf 73' lang='lat' dir='ltr'><strong>recou-</strong></span> 
     </span>
     <span class='ocr_line' id='line_1_29' title="bbox 233 2493 1640 2539; baseline 0 -9"><span class='ocrx_word' id='word_1_200' title='bbox 233 2493 404 2530; x_wconf 86' lang='lat' dir='ltr'><strong>ciliation</strong></span> <span class='ocrx_word' id='word_1_201' title='bbox 426 2504 466 2528; x_wconf 88' lang='lat' dir='ltr'><strong>se</strong></span> <span class='ocrx_word' id='word_1_202' title='bbox 488 2493 528 2529; x_wconf 73' lang='lat' dir='ltr'><strong>fit</strong></span> <span class='ocrx_word' id='word_1_203' title='bbox 548 2504 616 2539; x_wconf 85' lang='lat' dir='ltr'><strong>par</strong></span> <span class='ocrx_word' id='word_1_204' title='bbox 637 2493 951 2529; x_wconf 62' lang='lat' dir='ltr'><strong>l&#39;intermediaire</strong></span> <span class='ocrx_word' id='word_1_205' title='bbox 972 2494 1021 2530; x_wconf 88' lang='lat' dir='ltr'><strong>du</strong></span> <span class='ocrx_word' id='word_1_206' title='bbox 1043 2495 1117 2530; x_wconf 81' lang='lat' dir='ltr'><strong>(luc</strong></span> <span class='ocrx_word' id='word_1_207' title='bbox 1139 2495 1184 2531; x_wconf 83' lang='lat' dir='ltr'><strong>de</strong></span> <span class='ocrx_word' id='word_1_208' title='bbox 1206 2496 1390 2531; x_wconf 86' lang='lat' dir='ltr'><strong>Brabant.</strong></span> <span class='ocrx_word' id='word_1_209' title='bbox 1415 2495 1470 2531; x_wconf 87' lang='lat' dir='ltr'><strong>Cf.</strong></span> <span class='ocrx_word' id='word_1_210' title='bbox 1496 2496 1538 2530; x_wconf 94' lang='lat' dir='ltr'><strong>L.</strong></span> <span class='ocrx_word' id='word_1_211' title='bbox 1564 2495 1640 2530; x_wconf 83' lang='lat' dir='ltr'><strong>De-</strong></span> 
     </span>
     <span class='ocr_line' id='line_1_30' title="bbox 234 2553 1634 2597; baseline 0 -10"><span class='ocrx_word' id='word_1_212' title='bbox 234 2553 330 2597; x_wconf 86' lang='lat' dir='ltr'><strong>lisle,</strong></span> <span class='ocrx_word' id='word_1_213' title='bbox 356 2554 510 2587; x_wconf 71' lang='lat' dir='ltr'><strong>Histoire</strong></span> <span class='ocrx_word' id='word_1_214' title='bbox 536 2554 586 2587; x_wconf 70' lang='lat' dir='ltr'><strong>du</strong></span> <span class='ocrx_word' id='word_1_215' title='bbox 613 2553 767 2587; x_wconf 67' lang='lat' dir='ltr'><strong>elisitcau</strong></span> <span class='ocrx_word' id='word_1_216' title='bbox 788 2557 818 2587; x_wconf 68' lang='lat' dir='ltr'><strong>et</strong></span> <span class='ocrx_word' id='word_1_217' title='bbox 840 2554 897 2588; x_wconf 75' lang='lat' dir='ltr'><strong>cles</strong></span> <span class='ocrx_word' id='word_1_218' title='bbox 916 2555 1006 2588; x_wconf 77' lang='lat' dir='ltr'><strong>sires</strong></span> <span class='ocrx_word' id='word_1_219' title='bbox 1027 2556 1067 2589; x_wconf 78' lang='lat' dir='ltr'><strong>de</strong></span> <span class='ocrx_word' id='word_1_220' title='bbox 1089 2554 1464 2591; x_wconf 64' lang='lat' dir='ltr'><strong>Samt-Sauvem-co-</strong></span> <span class='ocrx_word' id='word_1_221' title='bbox 1478 2556 1634 2595; x_wconf 69' lang='lat' dir='ltr'><strong>Viromlc‘,</strong></span> 
     </span>
     <span class='ocr_line' id='line_1_31' title="bbox 232 2611 1088 2658; baseline 0.007 -15"><span class='ocrx_word' id='word_1_222' title='bbox 232 2623 266 2657; x_wconf 70' lang='lat'><strong>1».</strong></span> <span class='ocrx_word' id='word_1_223' title='bbox 290 2611 355 2652; x_wconf 81' lang='lat'><strong>66;</strong></span> <span class='ocrx_word' id='word_1_224' title='bbox 382 2612 544 2647; x_wconf 75' lang='lat' dir='ltr'><strong>Grandes</strong></span> <span class='ocrx_word' id='word_1_225' title='bbox 564 2612 802 2656; x_wconf 72' lang='lat' dir='ltr'><strong>Chroniques,</strong></span> <span class='ocrx_word' id='word_1_226' title='bbox 827 2616 852 2647; x_wconf 89' lang='lat' dir='ltr'><strong>t.</strong></span> <span class='ocrx_word' id='word_1_227' title='bbox 881 2612 923 2657; x_wconf 88' lang='lat' dir='ltr'><strong>V,</strong></span> <span class='ocrx_word' id='word_1_228' title='bbox 948 2624 982 2658; x_wconf 90' lang='lat' dir='ltr'><strong>p.</strong></span> <span class='ocrx_word' id='word_1_229' title='bbox 1007 2613 1088 2649; x_wconf 82' lang='lat'><strong>466.</strong></span> 
     </span>
    </p>

    <p class='ocr_par' dir='ltr' id='par_1_8' title="bbox 233 2670 1638 2834">
     <span class='ocr_line' id='line_1_32' title="bbox 279 2670 1638 2720; baseline 0.001 -15"><span class='ocrx_word' id='word_1_230' title='bbox 279 2670 312 2705; x_wconf 70' lang='lat'><strong>²2.</strong></span> <span class='ocrx_word' id='word_1_231' title='bbox 341 2670 512 2717; x_wconf 69' lang='lat' dir='ltr'><strong>philippe</strong></span> <span class='ocrx_word' id='word_1_232' title='bbox 539 2670 584 2706; x_wconf 83' lang='lat' dir='ltr'><strong>de</strong></span> <span class='ocrx_word' id='word_1_233' title='bbox 607 2671 836 2717; x_wconf 65' lang='lat' dir='ltr'><strong>Bourgogne</strong></span> <span class='ocrx_word' id='word_1_234' title='bbox 865 2676 1019 2707; x_wconf 81' lang='lat' dir='ltr'><strong>mourut</strong></span> <span class='ocrx_word' id='word_1_235' title='bbox 1046 2672 1079 2708; x_wconf 85' lang='lat' dir='ltr'><strong>le</strong></span> <span class='ocrx_word' id='word_1_236' title='bbox 1107 2673 1152 2708; x_wconf 70' lang='lat'><strong>‘22</strong></span> <span class='ocrx_word' id='word_1_237' title='bbox 1176 2673 1302 2720; x_wconf 78' lang='lat' dir='ltr'><strong>juillet</strong></span> <span class='ocrx_word' id='word_1_238' title='bbox 1330 2673 1426 2707; x_wconf 71' lang='grc'><strong>1346,</strong></span> <span class='ocrx_word' id='word_1_239' title='bbox 1456 2672 1481 2706; x_wconf 87' lang='grc'><strong>11</strong></span> <span class='ocrx_word' id='word_1_240' title='bbox 1506 2672 1638 2707; x_wconf 58' lang='grc' dir='ltr'><strong>ω’(ὶωίι</strong></span> 
     </span>
     <span class='ocr_line' id='line_1_33' title="bbox 233 2728 1637 2777; baseline 0.004 -17"><span class='ocrx_word' id='word_1_241' title='bbox 233 2739 298 2773; x_wconf 80' lang='lat' dir='ltr'><strong>pas</strong></span> <span class='ocrx_word' id='word_1_242' title='bbox 326 2728 399 2765; x_wconf 82' lang='lat' dir='ltr'><strong>duc</strong></span> <span class='ocrx_word' id='word_1_243' title='bbox 425 2729 470 2764; x_wconf 86' lang='lat' dir='ltr'><strong>de</strong></span> <span class='ocrx_word' id='word_1_244' title='bbox 493 2730 739 2776; x_wconf 76' lang='lat' dir='ltr'><strong>Bourgogne,</strong></span> <span class='ocrx_word' id='word_1_245' title='bbox 761 2730 859 2765; x_wconf 89' lang='lat' dir='ltr'><strong>mais</strong></span> <span class='ocrx_word' id='word_1_246' title='bbox 891 2730 1137 2777; x_wconf 79' lang='lat' dir='ltr'><strong>simplemcnt</strong></span> <span class='ocrx_word' id='word_1_247' title='bbox 1164 2732 1222 2767; x_wconf 79' lang='lat' dir='ltr'><strong>fils</strong></span> <span class='ocrx_word' id='word_1_248' title='bbox 1249 2732 1297 2768; x_wconf 83' lang='lat' dir='ltr'><strong>du</strong></span> <span class='ocrx_word' id='word_1_249' title='bbox 1325 2732 1397 2767; x_wconf 69' lang='lat' dir='ltr'><strong>(lue</strong></span> <span class='ocrx_word' id='word_1_250' title='bbox 1420 2732 1545 2767; x_wconf 81' lang='lat' dir='ltr'><strong>Endos</strong></span> <span class='ocrx_word' id='word_1_251' title='bbox 1570 2732 1637 2776; x_wconf 79' lang='lat' dir='ltr'><strong>lv,</strong></span> 
     </span>
     <span class='ocr_line' id='line_1_34' title="bbox 233 2786 804 2834; baseline 0.002 -13"><span class='ocrx_word' id='word_1_252' title='bbox 233 2786 297 2831; x_wconf 78' lang='lat' dir='ltr'><strong>qui</strong></span> <span class='ocrx_word' id='word_1_253' title='bbox 321 2797 367 2821; x_wconf 83' lang='lat' dir='ltr'><strong>ne</strong></span> <span class='ocrx_word' id='word_1_254' title='bbox 390 2792 544 2822; x_wconf 82' lang='lat' dir='ltr'><strong>mourut</strong></span> <span class='ocrx_word' id='word_1_255' title='bbox 566 2787 676 2834; x_wconf 82' lang='lat' dir='ltr'><strong>qu’on</strong></span> <span class='ocrx_word' id='word_1_256' title='bbox 705 2787 804 2823; x_wconf 71' lang='lat'>1:350.</span> 
     </span>
    </p>
   </div>
  </div>
 </body>
</html>
