2060 3345
271 300 372 345 1357]
501 304 706 335 ΒΙΟΗΑΒΒΙ
734 303 860 335 SCOTI
888 303 1095 336 CHRONICI
1123 304 1428 336 CONTINUATIO.
1602 299 1668 336 ¹113

268 383 419 430 eidem
463 383 691 430 concessit
734 383 993 430 custodiam
1042 384 1187 447 Rupis
1236 383 1420 431 Deriani
1472 389 1517 430 et
1562 399 1668 429 eum

268 459 462 506 accinxit
492 460 672 506 noviter
697 458 881 505 baltheo
910 459 1113 507 militari,

333 538 444 584 256.
483 563 546 571 —
578 538 690 583 Cum
720 535 860 581 trium
893 541 1097 582 statuum
1134 536 1370 599 impositio
1406 535 1670 599 pecuniaria

267 627 359 658 non
386 612 618 658 sufficeret
643 610 701 657 ad
723 610 951 673 stipendia
974 611 1236 659 oblatorum
1259 611 1467 676 pugilum
1493 610 1671 675 persol-

265 687 433 741 venda,
456 691 503 732 et
522 685 761 749 potissime
783 685 909 747 quod
931 685 1108 733 nobiles
1126 692 1172 733 et
1190 687 1275 733 viri
1294 686 1561 734 eclesiastici
1584 686 1671 733 hoc

261 763 425 826 jugum
454 763 548 825 pati
580 762 797 809 nolebant
822 768 872 809 ut
897 767 1104 826 agrestes
1137 762 1283 809 incole
1318 770 1362 810 et
1394 763 1667 827 burgenses,

267 837 362 885 dux
393 837 777 901 congregationes
811 837 1067 885 electorum
1099 838 1145 884 in
1181 839 1303 886 trino
1335 845 1456 886 statu
1488 840 1671 902 penitus

265 914 501 961 anullavit.
533 914 759 961 Officiales
784 914 956 978 regios,
987 931 1106 976 quos
1132 914 1189 961 ad
1217 915 1569 977 requisitionem
1595 934 1672 963 eo-

265 1007 369 1038 rum
391 990 677 1053 privaverat,
696 990 752 1036 ad
772 996 944 1037 statum
966 991 1213 1053 pristinum
1228 992 1481 1049 revocavit,
1501 1010 1672 1056 prepo-

266 1066 354 1113 sito
375 1072 704 1121 mercatorum,
727 1066 894 1112 Karolo
912 1069 1109 1113 Taussac
1133 1067 1215 1130 [et]
1231 1067 1425 1114 Johanni
1446 1068 1503 1115 de
1521 1069 1671 1116 Insula

264 1142 518 1205 prohibens
535 1147 579 1188 et
597 1158 760 1189 eorum
778 1142 1081 1205 complicibus
1110 1160 1166 1189 ne
1193 1143 1251 1190 de
1278 1150 1434 1191 cetero
1457 1161 1505 1191 se
1526 1145 1672 1191 intro-

264 1219 501 1266 mitterent
527 1219 584 1266 de
605 1218 829 1283 regimine
850 1218 1065 1276 civitatis,
1090 1220 1217 1282 quod
1245 1220 1465 1284 deinceps
1487 1221 1673 1268 nolebat

266 1295 365 1359 regi
392 1295 473 1342 sed
501 1311 681 1359 regere,
713 1295 871 1358 sicque
904 1295 1035 1342 electi
1065 1296 1260 1359 predicti
1287 1297 1343 1343 ad
1373 1303 1532 1361 partes
1565 1315 1671 1345 suas

263 1372 504 1419 redierunt
539 1379 586 1418 et
624 1371 872 1434 episcopus
909 1373 1228 1421 Laudunensis
1260 1374 1316 1420 ad
1349 1374 1670 1438 episcopatum

266 1465 402 1496 suum
428 1448 648 1495 confusus
668 1448 850 1494 rediiff.
875 1450 988 1496 Cum
1012 1449 1203 1496 domino
1230 1450 1347 1498 duce
1368 1451 1670 1514 postmodum

264 1525 544 1572 parisienses
576 1524 713 1571 etiam
746 1524 971 1587 pacificati
1007 1531 1130 1581 sunt,
1171 1542 1256 1588 per
1282 1526 1369 1573 hoc
1402 1527 1527 1589 quod
1561 1544 1670 1590 pro—

264 1601 492 1648 miserunt
531 1600 658 1663 quod
694 1606 855 1647 contra
889 1601 1107 1648 officiales
1142 1602 1296 1666 regios
1336 1604 1534 1666 amplius
1578 1621 1669 1650 non

266 1677 565 1740 loquerentur
598 1693 681 1723 nec
717 1676 1036 1724 liberationem
1078 1678 1202 1742 regis
1236 1681 1439 1726 Navarre
1473 1681 1671 1743 amplius

263 1758 570 1816 procurarent
603 1758 649 1799 et
679 1751 805 1815 quod
831 1752 1051 1814 pecunias
1077 1770 1163 1816 pro
1190 1754 1512 1818 redemptione
1547 1756 1670 1819 regis

263 1828 421 1876 libenti
453 1828 607 1875 animo
638 1833 876 1892 rogarent,
907 1828 989 1875 sed
1022 1845 1128 1876 cum
1163 1830 1276 1886 dux,
1308 1830 1363 1877 ad
1399 1831 1670 1894 petitionem

262 1922 442 1959 eorum,
474 1905 702 1967 quosdam
735 1920 938 1966 quorum
966 1904 1244 1952 ordinationi
1272 1912 1447 1954 starent
1476 1907 1670 1970 [convo-

262 1981 449 2044 casset],
473 1981 553 2036 hii,
574 1986 680 2043 post
706 1981 874 2027 multas
901 1980 1275 2039 deliberationes,
1298 1982 1383 2046 ipsi
1405 1983 1511 2030 duci
1537 1984 1670 2031 detu-

261 2057 415 2104 lerunt
453 2055 579 2120 quod
612 2057 865 2120 superbiis
901 2073 994 2103 non
1034 2064 1250 2120 poterant
1291 2060 1541 2107 convenire
1582 2061 1669 2108 nisi

260 2139 357 2180 tres
387 2139 534 2180 status
560 2133 729 2179 iterum
761 2138 1112 2191 revocarentur,
1142 2135 1249 2197 quia
1280 2142 1389 2183 tunc
1423 2137 1668 2185 thesaurus

260 2208 429 2272 regalis
461 2209 713 2256 exhaustus
749 2214 849 2256 erat
884 2210 1108 2272 pecuniis,
1145 2210 1250 2258 ideo
1287 2212 1413 2275 quod
1449 2214 1669 2276 petebant

263 2286 407 2333 noluit
448 2286 678 2350 denegare
719 2291 766 2333 et
804 2292 914 2334 tunc
953 2287 1226 2351 episcopum
1264 2290 1664 2346 Laudunensemss,

261 2362 519 2419 absentem,
555 2363 773 2425 precibus
811 2365 1067 2421 revocavit,
1099 2365 1206 2427 quia
1240 2367 1392 2413 cuncti
1425 2366 1668 2429 obtempe-

262 2440 428 2486 rabant
475 2439 587 2495 sibi,
628 2439 710 2486 sed
747 2456 803 2486 ex
847 2440 1004 2487 multis
1049 2441 1258 2504 apicibus
1293 2443 1424 2491 ducis
1465 2443 1668 2491 evocatis

263 2516 397 2578 pauci
429 2524 475 2562 et
506 2516 767 2579 specialiter
793 2533 850 2563 ex
877 2516 1109 2565 nobilibus
1135 2526 1181 2566 et
1206 2518 1317 2567 viris
1350 2519 1669 2568 ecclesiasticis

265 2599 599 2641 convenerunt.

318 2722 346 2756 l.
371 2721 425 2756 Cf.
450 2722 611 2757 Grandes
632 2723 869 2767 Chr-animes,
892 2728 919 2758 t.
945 2723 1012 2768 VI,
1034 2735 1069 2770 p.
1093 2725 1218 2762 59-60.

313 2780 347 2816 2.
372 2780 478 2815 Dans
500 2781 532 2816 lc
554 2782 781 2827 manuscrit,
805 2782 837 2817 le
859 2787 938 2818 mot
958 2784 1229 2820 Laudzmensem
1253 2791 1310 2821 cst
1331 2786 1429 2821 suivi
1450 2786 1494 2821 (lc
1515 2798 1632 2830 quem.

409 2843 421 2875 1
1506 2850 1525 2881 δ
