2060 3345
164 292 264 337 1328]
529 294 735 326 RICHARDI
764 293 890 326 SCOTI
918 292 1184 326 CHRONICON.
1536 291 1556 325 7

158 383 299 440 toque
323 377 441 440 ignis
466 374 680 423 incendio
706 374 752 420 in
779 374 995 430 Cassello,
1024 378 1230 420 castrum
1256 370 1465 420 funditus
1490 378 1561 420 est

157 453 465 501 dest-ructum.
504 455 667 499 Postea
710 466 795 496 rex
835 466 999 497 versus
1037 453 1211 513 Ypram
1258 447 1456 495 tendens
1496 448 1558 495 ibi

157 530 265 578 fecit
293 529 490 577 tentoria
516 545 596 575 sua
622 527 719 591 figi.
749 526 881 584 Quod
908 526 1119 574 videntes
1140 529 1374 590 Yprenses
1400 543 1425 572 a
1451 541 1561 589 rege

159 605 523 654 misericordiam
554 604 804 667 petierunt,
842 619 982 666 quam
1015 620 1099 650 rex
1132 603 1243 650 dare
1276 603 1438 657 noluit,
1473 602 1562 649 nisi

158 684 217 731 ad
244 700 374 731 suam
393 683 680 730 voluntatem
707 697 756 728 se
780 680 985 727 totaliter
1005 680 1282 745 obligarent.
1304 680 1435 739 Quod
1456 696 1562 727 cum

160 761 329 808 factum
360 759 545 815 fuisset,
578 759 881 822 ingressoque
912 756 1101 804 domino
1133 757 1299 805 Milone
1331 757 1389 805 de
1418 760 1563 804 Nuce-

157 837 238 883 riis
276 835 509 883 civitatem
547 851 653 882 cum
691 833 984 881 multitudine
1025 839 1311 881 armatorum
1350 834 1563 897 quamvis

157 911 439 975 aliquamdiu
466 911 524 959 de
551 928 664 974 pace
690 910 920 958 discordia
946 911 1080 957 fieret
1099 910 1219 957 inter
1239 910 1385 974 ipsos,
1408 916 1561 958 tamen

155 988 342 1035 fuerunt
363 988 427 1034 sic
448 987 646 1034 finaliter
663 985 949 1042 concordati,
972 985 1098 1048 quod
1119 986 1360 1049 quingenti
1383 986 1440 1033 de
1458 986 1563 1032 villa

157 1081 277 1128 quos
308 1080 391 1111 rex
417 1063 557 1110 vellet
589 1064 800 1126 accipere
836 1062 1131 1110 traderentur
1156 1068 1200 1109 et
1229 1063 1274 1109 in
1300 1062 1564 1127 hostagium

158 1141 359 1189 Parisius
392 1140 691 1196 ducerentur,
722 1140 944 1187 fortalicia
974 1140 1345 1196 destruerentur,
1378 1140 1565 1202 conspi-

157 1224 338 1265 ratores
374 1218 513 1264 etiam
546 1217 852 1265 bannirentur
878 1233 1026 1281 usque
1060 1233 1144 1264 rex
1169 1216 1359 1264 Francie
1395 1233 1475 1264 eos
1506 1217 1563 1264 ad

159 1311 290 1343 suam
313 1294 509 1359 gratiam
530 1301 771 1341 revocaret
789 1312 799 1350 3
824 1293 982 1356 sicque
1001 1293 1214 1341 Flandria
1235 1293 1456 1356 quietata,
1480 1310 1564 1340 rex

159 1372 348 1419 Francie
375 1371 557 1418 vocavit
583 1371 641 1418 ad
675 1387 724 1418 se
756 1371 974 1418 comitem
1006 1371 1234 1428 Flandrie,
1265 1370 1424 1418 dicens
1457 1371 1518 1417 illi
1551 1390 1558 1417 :

162 1468 182 1494 (ι
208 1451 389 1504 Comes,
415 1447 473 1494 de
499 1453 656 1494 cetero
682 1448 883 1494 caveatis
910 1464 966 1494 ne
992 1453 1188 1511 propter
1211 1447 1445 1495 defectum
1467 1447 1564 1511 jus-

158 1525 261 1572 ticie
287 1525 375 1572 huc
397 1530 611 1588 oporteat
636 1541 711 1571 me
738 1525 909 1571 redire.
939 1544 958 1569 1>
985 1525 1160 1582 Quibus
1181 1524 1333 1581 dictis,
1358 1541 1443 1572 rex
1460 1523 1565 1571 Phi-

160 1602 316 1665 lippus
342 1601 493 1648 victor
518 1601 563 1647 in
590 1601 828 1648 Franciam
855 1601 1099 1648 remeavit.

224 1679 319 1726 8-b.
355 1706 416 1713 —
447 1681 569 1741 Papa
610 1678 842 1725 ,lohannes
889 1678 1119 1725 decimam
1164 1677 1425 1726 biennalem
1465 1679 1565 1742 regi

160 1755 330 1803 Karolo
356 1760 489 1802 antea
514 1771 784 1802 concessam
810 1755 906 1819 regi
935 1754 1146 1819 Philippo
1174 1754 1314 1802 modo
1340 1755 1567 1802 consimili

160 1833 344 1880 noviter
369 1833 680 1880 confirmavit.

226 1914 271 1957 9.
301 1938 365 1945 —-
389 1909 565 1973 Anglici
591 1914 638 1956 et
665 1909 787 1956 Scoti
811 1908 891 1971 qui
912 1926 937 1955 a
957 1908 1114 1956 multis
1134 1908 1428 1972 temporibus
1448 1909 1568 1957 inter

157 2003 206 2034 se
239 1986 421 2034 fuerant
450 1986 773 2034 discordantes
798 1986 1026 2049 pacificati
1057 1991 1166 2033 sunt
1197 1991 1248 2033 ut
1281 1985 1452 2034 dicitur
1481 1987 1567 2034 sub

158 2064 242 2110 hac
273 2063 423 2110 forma
455 2063 582 2125 quod
615 2063 736 2110 filius
769 2062 894 2127 regis
926 2062 1077 2111 Scotie
1120 2062 1260 2110 filiam
1298 2063 1404 2110 novi
1444 2063 1568 2127 regis

158 2139 321 2204 Anglie
370 2139 562 2187 duceret
606 2139 651 2186 in
698 2156 918 2197 uxorem,
965 2146 1011 2187 et
1054 2145 1293 2188 teneretur
1336 2146 1567 2204 perpetuo
1611 2126 1613 2131 Α

159 2221 358 2278 excepto
392 2221 552 2262 contra
593 2231 752 2279 regem
788 2215 976 2263 Francie
1007 2215 1171 2279 juvare
1208 2232 1368 2280 regem
1407 2217 1568 2281 Anglie

160 2293 206 2340 in
232 2292 450 2339 omnibus
477 2292 659 2356 guerris
685 2291 831 2339 suis1.

228 2372 306 2417 40.
329 2397 393 2405 —
418 2369 651 2418 Johannes
677 2369 772 2416 dux
794 2369 1000 2418 Calabrie
1025 2370 1158 2418 miles
1185 2376 1403 2419 strenuus
1430 2377 1569 2434 atquc

207 2534 239 2568 ·1.
262 2533 339 2568 Des
360 2533 616 2570 conventinus
638 2545 732 2579 pour
754 2533 789 2569 la
815 2534 903 2580 paix
924 2539 1031 2571 cntrc
1056 2533 1314 2582 l’Anglctcrrc
1338 2542 1375 2571 et
1398 2526 1568 2572 siccasse

162 2591 287 2627 surent
321 2593 503 2628 conclues
535 2594 557 2628 a
584 2582 820 2639 Edimbourg
850 2592 883 2628 le
911 2594 952 2629 17
982 2605 1085 2629 mars
1117 2594 1203 2630 1328
1233 2600 1271 2629 ct
1303 2595 1468 2630 ratithsscs
1503 2607 1569 2640 par

163 2642 341 2705 Edouard
361 2651 418 2687 III
441 2652 474 2687 le
496 2652 514 2687 fi
536 2652 613 2687 mai
636 2652 803 2687 suivant.
828 2652 880 2688 Le
910 2653 1079 2700 mariage
1108 2653 1153 2689 de
1183 2654 1322 2698 David,
1346 2654 1402 2688 lils
1432 2654 1480 2688 du
1514 2655 1568 2690 roi

164 2709 357 2755 d'lflcosse,
379 2723 403 2758 y
425 2711 519 2747 emit
538 2711 627 2748 hicn
648 2711 797 2757 decide,
818 2711 916 2747 mais
946 2722 1040 2748 avec
1070 2712 1106 2747 la
1137 2724 1241 2748 stum·
1261 2719 1297 2748 ct
1318 2724 1396 2749 non
1418 2724 1510 2750 avec
1534 2714 1568 2749 la

171 2769 244 2804 lille
265 2769 313 2804 du
338 2770 390 2805 roi
414 2770 680 2817 ‹l’Angleterre
705 2770 878 2817 (llymcr,
903 2770 949 2807 R.
975 2771 1080 2818 H‚1›.
1106 2784 1143 2816 11,
1166 2771 1247 2815 7:34,
1265 2771 1357 2816 741).
