2060 3345
394 324 438 362 56
767 327 972 359 mcHARDI
1001 325 1127 358 scon
1155 325 1420 359 CHRONIGON.
1685 323 1786 370 [1341

390 412 546 455 tamen
573 407 689 471 ejus,
724 422 861 454 soror
886 405 1067 452 comitis
1095 405 1326 461 Flandrie‚
1356 421 1464 453 cum
1489 406 1791 469 complicibus

392 484 487 531 suis
519 484 565 530 in
584 484 767 531 ducatu
798 482 1033 530 Britannie
1064 482 1207 530 multa
1239 483 1357 530 mala
1390 482 1541 530 facere
1570 499 1662 530 non
1691 499 1791 531 ces-

389 560 552 608 savit&

455 643 614 689 ¹139-b.
649 669 713 677 —
738 645 892 690 Mense
922 641 1179 698 decembri,
1217 657 1338 688 nona
1370 641 1462 698 die,
1494 640 1577 688 fuit
1607 641 1792 705 eclipsis

385 718 512 775 solis,
539 719 643 781 ipso
669 718 716 765 in
742 718 983 783 sagittario
1009 719 1253 775 existente,
1282 724 1328 766 et
1353 718 1540 766 duravit
1565 735 1649 782 per
1675 718 1791 767 duas

386 796 524 842 horas
548 800 594 841 et
621 795 838 859 amplius.

450 875 561 923 440.
592 904 655 912 --
681 879 794 925 Cum
824 877 1043 924 dominus
1064 880 1274 925 Herveus
1295 877 1353 925 de
1372 879 1572 940 Lyons2,
1596 876 1668 924 vir
1693 893 1791 924 ma-

378 969 498 1016 gnus
512 952 557 999 in
572 953 822 1010 Britannia,
841 955 921 1017 qui
940 955 1110 1001 Karolo
1132 954 1191 1001 de
1208 954 1352 1002 Blesis
1375 954 1646 1010 adherebat,
1669 953 1790 1001 duos

381 1030 551 1078 milites
576 1030 787 1078 homines
821 1048 930 1078 suos
964 1031 1099 1095 ligios
1129 1031 1188 1078 ad
1218 1047 1267 1078 se
1293 1031 1431 1078 vellet
1457 1030 1677 1078 inclinare
1706 1047 1791 1077 nec

380 1113 558 1170 posset,
585 1113 688 1154 orta
708 1107 1017 1165 dissensione,
1054 1108 1208 1171 ipsum
1234 1107 1280 1154 in
1311 1107 1520 1170 hospicio
1547 1124 1641 1154 non
1672 1108 1791 1155 mul-

379 1189 480 1230 tum
506 1200 690 1240 securo,
713 1184 872 1231 fractis
893 1184 1091 1240 foribus,
1115 1184 1161 1230 vi
1179 1190 1405 1246 ceperunt
1422 1189 1468 1230 et
1486 1200 1542 1230 ne
1562 1189 1722 1246 posset
1743 1183 1789 1230 in

379 1259 497 1306 facili
520 1259 708 1308 liberari
736 1260 794 1307 ad
822 1277 985 1325 regem
1010 1260 1172 1324 Anglie
1198 1260 1575 1307 transmiserunt.
1598 1259 1790 1307 Interim

381 1341 585 1383 castrum
613 1336 741 1399 quod
771 1337 941 1384 dicitur
958 1337 1222 1392 Hanebunt,
1254 1353 1396 1400 supra
1415 1353 1544 1383 mare
1562 1337 1718 1392 situm,
1742 1336 1788 1382 in

381 1429 475 1475 quo
502 1418 633 1459 erant
658 1413 877 1461 dominus
903 1418 1003 1461 Yvo
1030 1414 1089 1461 de
1112 1413 1399 1477 Trezeguidi,
1431 1413 1647 1460 dominus
1671 1415 1790 1461 Gau-

380 1489 538 1537 fredus
555 1489 614 1537 de
631 1490 855 1548 Malatret,
880 1497 1042 1555 gentes
1062 1490 1186 1555 regis
1204 1490 1411 1546 Francie,
1432 1496 1615 1554 partem
1635 1490 1788 1537 Karoli

380 1566 438 1613 de
475 1566 620 1614 Blesis
655 1567 891 1624 foventes,
930 1573 1180 1630 ceperunt,
1215 1567 1472 1615 intersectis
1503 1567 1715 1631 pluribus
1744 1574 1791 1614 et

379 1643 597 1708 fugatisss.

427 1800 459 1834 1.
482 1798 517 1833 A
540 1809 583 1835 ce
603 1803 791 1844 moment,
814 1801 862 1836 ou
888 1800 924 1836 la
951 1801 1221 1837 continuation
1248 1801 1294 1838 de
1322 1801 1542 1838 Guillaume
1572 1802 1618 1838 de
1638 1802 1787 1849 Nangis

379 1868 473 1894 avec
493 1857 593 1893 Jean
613 1857 659 1893 de
687 1858 854 1895 Venette
884 1861 1064 1906 presente
1092 1871 1144 1896 un
1173 1866 1277 1896 texte
1304 1866 1388 1897 tout
1415 1860 1608 1908 different,
1635 1862 1660 1897 il
1690 1862 1788 1898 n'est

377 1917 568 1963 peut-etro
588 1927 656 1964 pas
679 1927 769 1953 sans
796 1918 938 1954 interet
968 1919 1012 1954 de
1044 1919 1139 1955 citer
1167 1919 1352 1966 quelques
1380 1919 1504 1966 lignes
1532 1920 1599 1957 des
1625 1921 1787 1958 Grandes

380 1977 615 2021 Glzronz'ques,
641 1976 718 2011 afin
740 1976 784 2011 de
805 1982 980 2013 montrer
1007 1978 1184 2013 combien
1206 1978 1299 2014 elles
1321 1978 1475 2014 suivant
1497 1978 1542 2015 de
1570 1980 1656 2025 pres
1677 1984 1787 2016 notro

378 2039 517 2070 auteur
545 2047 552 2069 ι
585 2048 599 2067 (ι
628 2034 728 2070 Mais
754 2035 1027 2071 endementres
1062 2047 1135 2083 que
1172 2037 1205 2072 le
1238 2048 1307 2083 roy
1337 2037 1371 2073 le
1402 2037 1464 2073 fist
1491 2037 1593 2073 tenir
1621 2037 1643 2073 ἐι
1674 2038 1785 2074 Paris

379 2104 427 2128 au
449 2093 601 2129 Louvre
623 2103 687 2129 sus
710 2094 880 2129 certaine
903 2094 1034 2142 garde,
1055 2106 1096 2131 sa
1117 2096 1257 2132 femme
1273 2096 1337 2143 qui
1353 2107 1442 2132 seur
1457 2096 1571 2132 estoit
1591 2107 1640 2132 au
1661 2103 1786 2134 comte

377 2151 422 2187 de
443 2152 630 2187 Flandres
651 2158 688 2189 et
709 2163 770 2188 ses
795 2153 1001 2199 complices
1028 2165 1124 2200 pour
1146 2165 1188 2190 ce
1218 2165 1266 2190 ne
1288 2165 1328 2191 se
1355 2155 1589 2191 desisterent
1615 2167 1787 2203 oncques

379 2210 424 2246 de
454 2210 547 2246 faire
574 2210 697 2246 moult
724 2210 769 2247 de
796 2222 914 2246 maux
934 2222 1003 2258 par
1032 2212 1066 2247 le
1094 2212 1233 2248 cluchie
1265 2213 1310 2249 de
1339 2213 1547 2261 Bretaigne
1571 2228 1587 2247 »
1611 2215 1786 2261 (Grandes

379 2270 613 2314 chronique&
638 2275 666 2305 t.
690 2270 740 2315 V,
763 2281 799 2316 p.
822 2271 919 2315 414).

425 2328 460 2364 2.
486 2341 500 2361 «
524 2328 687 2364 Messire
707 2328 830 2365 Henri
851 2329 896 2365 de
916 2330 1023 2366 Leon
1040 2344 1055 2363 >)
1074 2332 1248 2375 (Grandes
1270 2333 1508 2377 Chronz‘ques‚
1524 2337 1552 2368 t.
1569 2332 1619 2378 V,
1634 2344 1670 2379 p.
1688 2333 1785 2379 414).

377 2386 507 2423 Herve
528 2387 574 2424 de
594 2387 700 2423 Leon
722 2388 815 2423 etait
836 2399 976 2425 encore
997 2390 1167 2436 pre'sent,
1190 2391 1224 2427 le
1244 2391 1289 2427 20
1310 2391 1450 2427 fevi-ier
1472 2391 1575 2437 1342,
1593 2391 1616 2427 a
1637 2403 1689 2427 un
1711 2392 1786 2429 don

378 2445 447 2481 fait
471 2457 538 2492 par
565 2445 725 2482 Charles
753 2447 798 2483 (16
826 2447 931 2483 Blois
958 2449 979 2484 a
1007 2448 1192 2486 Estienne
1221 2450 1370 2497 Goyon,
1393 2450 1574 2497 seigneur
1597 2450 1641 2487 de
1670 2450 1785 2486 Mati-

379 2515 483 2551 gnon
505 2504 621 2550 (Dom
642 2505 799 2552 Morice,
822 2509 974 2543 Preuves
992 2510 1033 2543 dc
1048 2510 1223 2544 l’lm‘stoire
1243 2510 1283 2544 de
1303 2511 1490 2554 Bretayne,
1514 2509 1546 2554 Ι,
1568 2509 1639 2545 col.
1665 2509 1781 2554 1431).

425 2564 458 2599 3.
484 2564 560 2599 Par
574 2575 650 2600 une
664 2565 910 2610 procuration
926 2566 1035 2603 datee
1051 2566 1097 2603 de
1114 2567 1240 2612 Blain,
1257 2567 1291 2602 le
1310 2567 1360 2602 v1⁶¹⁸
1376 2567 1514 2603 sevrier
1530 2568 1634 2613 4342,
1651 2568 1784 2604 Galois

378 2623 424 2659 tle
447 2623 483 2658 la
504 2623 651 2659 Baume
673 2624 874 2660 autorisait
895 2625 1017 2661 Henri
1039 2625 1084 2662 de
1107 2626 1322 2662 Malestroit
1343 2627 1364 2662 a
1379 2627 1512 2663 traiter
1532 2638 1580 2663 en
1601 2639 1671 2663 son
1692 2639 1783 2663 nom

379 2687 416 2718 et
437 2694 485 2717 au
506 2694 596 2719 nom
617 2682 662 2719 de
684 2683 830 2719 Robert
850 2684 1017 2720 Bertran
1034 2696 1127 2722 avec
1142 2685 1332 2732 plusieurs
1348 2685 1516 2721 Bretons
1537 2686 1601 2732 qui
1628 2686 1782 2722 avaient

379 2741 576 2777 embrasse
607 2742 641 2778 le
671 2742 768 2788 parti
795 2742 840 2778 de
868 2743 1064 2789 Moutfort,
1091 2744 1214 2791 parmi
1245 2745 1410 2792 lesquels
1442 2745 1545 2780 Yves
1576 2745 1620 2780 de
1651 2745 1783 2780 Trezi-

382 2799 497 2846 guidy
512 2804 548 2835 et
563 2800 741 2847 Geoffroy
757 2800 801 2837 de
818 2801 1029 2838 Malestroit
1042 2803 1154 2849 (Doni
1171 2803 1328 2850 Morice,
1344 2806 1507 2844 Preuves,
1525 2804 1556 2849 Ι,
1574 2804 1644 2839 col.
1663 2804 1780 2851 1430).
