2060 3345
199 338 302 384 1334]
566 339 771 372 RICHARDI
800 340 925 372 SCOTI
954 339 1220 372 GHRONICON.
1557 336 1598 371 35

195 421 479 483 relinquens,
509 419 729 483 fugiendo
765 419 993 466 maliciam
1027 419 1290 466 emulorum
1323 423 1374 466 ut
1400 417 1487 465 sub
1514 418 1600 465 alis

195 497 323 561 regis
363 496 552 544 Francie
586 501 814 553 tueretur,
852 513 876 542 a
908 496 1189 558 quibusdam
1225 494 1312 543 sibi
1350 494 1596 551 benivolis,

195 574 397 620 maxime
417 592 442 620 a
463 573 667 636 quodam
685 572 827 619 nobili
854 573 1086 636 armigero
1108 573 1293 619 nomine
1316 571 1522 620 Ansredo
1542 571 1601 618 de

195 651 493 714 Kyrepatric¹
512 651 590 714 qui
608 667 657 697 se
675 666 781 698 cum
799 649 937 696 bonis
956 649 1000 696 in
1018 649 1208 697 ecclesia
1226 648 1379 697 Sancti
1395 647 1601 712 Dionysii

194 727 399 775 reddidit
424 733 473 774 ut
502 727 718 784 devotus,
757 726 802 773 in
840 743 931 789 qua
963 726 1162 774 finaliter
1197 733 1267 773 est
1294 726 1524 790 sepultus,
1555 725 1602 772 in

194 803 436 851 Franciam
462 810 533 851 est
566 803 813 852 adductus.
846 803 927 851 Cui
961 819 1048 850 rex
1077 808 1283 851 castrum
1315 802 1531 851 Galliardi
1556 802 1600 849 in

195 880 476 927 Normannia
502 880 694 927 tradidit
718 880 776 927 ad
804 879 1105 927 manendum.

263 957 383 1018 83-f.
414 984 477 992 —
498 956 755 1020 Philippus,
777 973 861 1004 rex
882 956 1089 1014 Francie,
1118 956 1319 1019 quadam
1347 957 1488 1004 domo
1516 972 1603 1019 pro

194 1033 416 1097 religione
449 1050 539 1096 que
572 1034 821 1081 Moncellus
854 1033 1039 1091 dicitur,
1065 1033 1198 1098 juxta
1224 1038 1419 1082 Pontem
1445 1039 1603 1081 sancte

194 1110 440 1167 Maxentie,
462 1127 553 1173 que
573 1111 713 1157 etiam
738 1110 796 1157 ad
826 1111 990 1158 fiscum
1011 1111 1192 1175 regium
1212 1128 1300 1175 pro
1323 1110 1603 1158 forefactura

192 1194 475 1249 provenerat
500 1187 729 1245 ordinata,
752 1188 909 1251 posuit
927 1188 987 1235 ibi
1010 1188 1226 1235 mulieres
1252 1192 1347 1236 Deo
1374 1194 1603 1252 perpetuo

192 1264 494 1312 serviendum
520 1265 672 1312 Sancti
698 1265 926 1313 Francisci
954 1265 1166 1329 regulam
1191 1265 1518 1313 observantes.

259 1339 338 1387 84..
373 1368 436 1376 —
472 1343 598 1389 Uxor
631 1340 808 1388 domini
850 1341 1042 1390 Roberti
1078 1342 1136 1389 de
1166 1343 1428 1399 Attrabato,
1465 1357 1602 1390 soror

192 1418 334 1482 regis,
351 1418 664 1481 quorumdam
675 1425 896 1467 votorum
910 1436 1015 1467 cum
1027 1418 1149 1476 filiis,
1163 1427 1216 1467 ut
1227 1419 1488 1476 dicebatur,
1504 1435 1606 1466 sus-

194 1497 374 1558 pecta‘ss,
398 1495 523 1559 apud
550 1496 739 1559 Chynon
761 1495 807 1542 in
824 1496 1024 1543 Pictavia
1045 1512 1230 1544 carcere
1251 1496 1502 1552 detinetur,
1524 1495 1603 1542 filii

194 1588 308 1618 vero
327 1571 452 1635 apud
472 1574 724 1619 Nemosum
750 1572 797 1618 in
824 1572 1062 1620 Gastineto
1088 1573 1284 1636 prisioni
1303 1573 1600 1621 tradunturss.

261 1651 340 1696 85.
369 1676 432 1684 -
455 1649 557 1697 Fuit
583 1648 898 1696 habundantia
927 1649 1022 1696 vini
1056 1666 1241 1714 magna,
1272 1650 1354 1698 sed
1388 1667 1480 1697 non
1508 1650 1605 1697 fue-

192 1732 302 1773 runt
327 1726 388 1773 ita
415 1725 534 1773 sicut
559 1742 682 1772 anno
707 1727 934 1790 preterito
960 1726 1097 1773 fortia
1120 1727 1194 1774 vel
1221 1732 1421 1775 matura.

260 1806 390 1865 86-9.
407 1830 470 1838 —
485 1803 626 1860 Scoti,
644 1803 875 1866 reparatis
889 1803 1067 1850 viribus
1085 1820 1138 1851 ac
1154 1804 1426 1867 resumptis,
1445 1808 1603 1850 contra

193 1879 462 1927 Eduardum
498 1879 556 1926 de
591 1879 793 1927 Baillieul
829 1885 875 1927 et
913 1886 1076 1927 contra
1113 1880 1331 1944 Anglicos
1369 1896 1487 1943 quos
1521 1896 1607 1927 rex

193 1956 356 2021 Anglie
395 1956 635 2003 dimiserat
670 1955 729 2002 ad
770 1955 1031 2003 custodiam
1066 1957 1378 2004 munitionum
1413 1973 1529 2020 quas
1560 1956 1606 2003 in

194 2032 347 2080 Scotia
373 2032 652 2095 acquisierat
676 2032 873 2080 viriliter
899 2034 1150 2097 preliantes
1177 2051 1229 2081 ac
1256 2034 1412 2081 omnia
1447 2039 1607 2098 preter

244 2170 274 2204 1.
301 2168 352 2205 Ge
385 2178 628 2215 personnage
660 2172 717 2204 est
749 2169 906 2204 nomme
934 2169 1078 2215 Anfroy
1108 2171 1149 2206 dc
1183 2172 1398 2216 Trycpatrz'c
1430 2170 1525 2206 dans
1554 2169 1608 2206 les

195 2228 357 2265 Grandes
379 2229 615 2272 Cht‘olzz'qzces,
640 2227 704 2274 qui
725 2238 774 2263 en
801 2228 952 2275 parlent
979 2229 1076 2264 dans
1104 2229 1157 2265 les
1184 2230 1332 2266 memes
1361 2236 1505 2266 termes
1534 2240 1608 2277 que

196 2292 306 2323 notre
327 2292 464 2322 auteur
485 2289 526 2331 (t.
550 2286 599 2332 V,
620 2298 656 2333 p.
681 2286 775 2331 356),
792 2287 919 2322 tandis
940 2287 1030 2334 qu’il
1052 2288 1141 2325 n'en
1161 2294 1219 2324 est
1242 2289 1309 2325 fait
1330 2300 1481 2326 aucune
1501 2299 1607 2326 men-

196 2345 277 2381 tion
297 2344 392 2380 dans
413 2345 447 2381 le
468 2344 750 2381 Continuateur
770 2344 816 2380 de
837 2345 1058 2382 Guillaume
1079 2346 1124 2383 de
1146 2347 1308 2394 Nangis.

242 2404 277 2440 2.
302 2417 317 2437 «
346 2404 407 2440 En
439 2414 482 2440 ce
515 2409 660 2450 temps,
691 2404 727 2439 la
761 2403 901 2440 femme
931 2405 1092 2442 messire
1125 2406 1271 2442 Robert
1304 2406 1519 2442 d'Artois...
1553 2406 1607 2441 fut

197 2464 492 2510 souppeconnee
525 2469 562 2499 et
592 2474 652 2499 ses
680 2463 738 2498 fils
767 2463 872 2498 aussi
905 2463 1091 2500 d'aucuns
1120 2468 1237 2502 voults
1265 2466 1330 2513 qui
1357 2466 1513 2503 avoient
1548 2465 1606 2501 otc

197 2522 267 2559 fais
289 2537 304 2556 »
327 2523 503 2564 <Grandes
526 2524 763 2568 oltrozzz'ques,
788 2528 815 2558 t.
839 2522 887 2568 V,
910 2534 947 2568 p.
971 2523 1064 2566 356).

245 2582 278 2618 3.
302 2582 352 2618 Ge
382 2583 481 2619 n'est
508 2594 577 2630 pas
607 2582 629 2618 a
656 2582 862 2627 NemourS,
894 2582 992 2618 mais
1022 2593 1069 2618 au
1101 2583 1484 2629 Chateau-Gaillard,
1519 2594 1605 2630 quc,

198 2641 344 2687 d'apres
378 2642 414 2678 la
447 2643 655 2687 Chrom'que
687 2643 745 2677 des
771 2646 902 2686 quatre
925 2645 1103 2686 premiers
1138 2645 1264 2685 Valoz’s,
1296 2644 1351 2680 les
1380 2643 1533 2679 cnfants
1562 2643 1606 2679 dc

199 2700 346 2736 Robert
376 2701 544 2738 d’Artois
576 2702 705 2737 furent
741 2701 979 2746 transportcs
1012 2701 1074 2746 (cf.
1110 2702 1317 2749 Laneelot‚
1347 2704 1535 2738 Mmoires
1567 2704 1608 2738 dc

201 2760 416 2796 l'Acacwmie
436 2762 493 2796 cles
514 2763 763 2806 inscriptions,
790 2761 914 2796 uunee
937 2760 1041 2807 1736,
1064 2767 1090 2797 t.
1109 2762 1162 2809 X,
1184 2774 1219 2808 p.
1238 2763 1305 2799 630
1328 2767 1365 2798 ct
1386 2762 1446 2797 ⁴33¹
1465 2774 1472 2804 ;
1493 2763 1607 2797 Chro-

203 2821 409 2865 noyrapltia
431 2831 503 2866 roy.
527 2822 674 2862 Franc„
700 2826 726 2855 t.
750 2820 803 2867 II,
824 2832 860 2866 p.
885 2820 955 2864 35).
