2060 3345
405 324 469 360 130
635 327 839 361 RICHARDI
867 326 993 360 SGOTI
1021 326 1228 360 CHRONICI
1255 327 1562 362 CONTINUATIO.
1688 328 1793 374 [1358

401 414 680 457 monuerunt
714 414 764 454 ut
799 407 858 454 ad
893 407 1270 470 persequendum
1301 413 1481 456 ceteros
1516 410 1595 473 qui
1629 426 1794 458 versus

400 488 616 532 Sanctum
642 482 944 532 Clodoaldum
970 499 1019 530 se
1046 484 1328 543 locaverant,
1362 485 1519 533 audita
1549 502 1660 533 nece
1686 503 1793 534 suo-

398 578 519 617 rum,
551 576 656 607 cum
677 559 789 622 ipsis
810 559 1129 622 egrederetur.
1160 561 1243 618 Qui
1275 577 1417 624 super
1445 567 1596 609 morte
1622 563 1792 609 amico-

396 652 501 682 rum
530 635 707 691 dolens,
737 651 842 681 cum
868 635 956 682 hoc
975 635 1177 683 invitus1
1207 636 1536 694 consensisset,
1559 653 1666 684 cum
1685 654 1793 701 pre-

394 711 547 774 posito
578 716 624 757 et
653 710 914 758 rectoribus
941 711 1045 758 ville
1080 728 1167 774 per
1197 720 1382 775 portam
1411 713 1561 761 Sancti
1587 713 1791 776 Dyonisii

393 787 553 843 exivit,
569 787 675 850 qui2
689 787 747 834 ad
762 787 1080 835 molendinum
1099 789 1157 836 ad
1174 796 1365 837 ventum
1383 795 1652 853 expectans,
1671 789 1791 853 pede

391 864 501 919 fixo,
536 863 680 911 trium
708 864 932 911 horarum
960 865 1129 928 spatio,
1161 882 1219 912 ne
1247 866 1405 913 hostes
1433 865 1787 923 invaderentur,

389 940 558 987 incauti
585 940 709 987 cives
731 939 789 987 de
812 946 1035 1004 precepto
1057 957 1141 990 suo
1158 958 1244 1004 per
1262 947 1448 1004 portam
1473 941 1626 989 Sancti
1647 943 1790 989 Anto-

390 1016 450 1061 nii
472 1032 618 1079 usque
641 1016 699 1063 ad
719 1033 884 1064 nemus
905 1017 1146 1065 Sancti3...
1169 1024 1517 1081 processerunt.
1539 1018 1624 1074 Qui
1639 1017 1792 1081 perci-

389 1092 569 1154 pientes
589 1108 752 1139 eorum
772 1093 1052 1155 paucitatem
1074 1095 1244 1156 quem4
1268 1094 1466 1142 scientes
1486 1094 1605 1142 ultra
1624 1109 1791 1142 nemus

387 1167 741 1225 collocaverant,
758 1169 804 1215 in
821 1185 901 1216 eos
921 1169 1301 1227 insurrexerunt;
1323 1170 1405 1218 sed
1420 1170 1493 1217 alii
1511 1187 1569 1217 ex
1587 1169 1790 1217 nemori-

386 1245 473 1292 bus
490 1250 713 1293 exeuntes
731 1245 882 1294 socios
900 1246 1178 1310 adjuverunt
1199 1251 1244 1294 et
1260 1247 1540 1295 Parisienses
1557 1247 1785 1304 vicerunt,

385 1327 630 1369 sexcentos
644 1339 702 1370 ex
719 1322 785 1370 eis
804 1323 1077 1370 occidendo.
1100 1326 1199 1380 Quo
1216 1328 1426 1386 peracto,
1448 1324 1787 1388 gubernatores

385 1398 507 1455 ville,
543 1398 736 1462 jubente
771 1416 882 1464 rege
916 1403 1138 1455 Navarre,
1176 1400 1394 1464 Anglicos
1432 1400 1490 1447 de
1524 1400 1789 1447 carceribus

385 1481 632 1531 eruerunt3
667 1491 752 1522 rex
787 1492 925 1531 vero,
962 1475 1069 1538 quia
1104 1476 1148 1522 in
1184 1477 1319 1539 culpa
1358 1476 1508 1524 fuerat
1546 1475 1788 1524 occisionis

385 1551 556 1598 civium
582 1557 628 1598 et
654 1551 761 1598 inde
786 1551 861 1598 alii
882 1551 978 1615 jam
1004 1551 1283 1615 inexpiabile
1305 1552 1466 1600 odium
1485 1558 1681 1615 propter
1700 1551 1789 1598 hoc

385 1627 708 1690 concipiebant
734 1633 894 1675 contra
926 1629 1099 1692 ipsum,
1130 1629 1209 1676 diu
1235 1646 1327 1676 non
1358 1629 1508 1676 villam
1541 1646 1681 1677 ausus
1705 1628 1789 1675 fuit

384 1703 574 1750 intrare.
616 1708 718 1752 Dux
743 1721 857 1751 vero
894 1705 1158 1768 percipiens
1190 1705 1317 1769 quod
1351 1705 1410 1752 ad
1444 1706 1709 1769 captionem
1742 1710 1786 1751 et

384 1778 747 1826 destructionem
780 1780 825 1826 in
858 1796 1030 1828 vanum
1060 1781 1302 1829 laborabat
1330 1797 1496 1829 versus
1531 1785 1787 1828 mercatum

384 1855 615 1902 Meldense
641 1873 691 1903 se
716 1856 931 1904 retraxit.

449 1930 561 1978 286.
600 1960 662 1967 -—
698 1931 875 1980 Abhinc
913 1949 996 1979 rex
1035 1936 1239 1981 Navarre
1275 1934 1516 1981 ecclesiam
1551 1939 1598 1980 et
1632 1932 1787 1980 villam

386 2007 538 2054 Sancti
562 2008 764 2071 Dyonisii
800 2008 925 2056 velut
963 2024 1180 2056 securum
1216 2010 1526 2057 habitaculum
1562 2009 1699 2073 elegit
1736 2014 1789 2056 ut

385 2082 604 2146 deinceps
629 2084 852 2132 secretius
878 2100 984 2132 cum
1013 2085 1253 2148 preposito
1279 2090 1595 2132 mercatorum
1620 2091 1666 2132 et
1692 2085 1786 2132 suis

384 2159 689 2221 complicibus
705 2159 961 2207 celebraret
980 2159 1185 2216 consilia,
1206 2166 1253 2207 et
1270 2160 1491 2223 quamdiu
1513 2160 1575 2207 ibi
1595 2160 1782 2215 mansit,

385 2234 470 2283 sibi
497 2235 585 2298 ipsi
610 2241 838 2294 metuens,
868 2242 1117 2284 nocturnas
1142 2237 1363 2285 excubias
1391 2237 1660 2301 persolvere
1686 2236 1787 2283 dili-

434 2377 467 2413 4.
493 2377 564 2412 Ms.
587 2379 717 2412 initus.

433 2436 466 2470 ⁶2.
490 2436 563 2471 Ms.
585 2447 665 2480 que.

434 2495 467 2530 3.
493 2495 555 2530 Un
574 2500 655 2530 mot
670 2500 727 2531 est
742 2494 840 2531 omis
860 2495 909 2532 ici
928 2495 1022 2531 dans
1038 2496 1072 2531 le
1087 2495 1313 2532 manuscrit.
1331 2495 1363 2531 Il
1378 2495 1488 2542 s'agit
1509 2495 1783 2541 evidemment‚

386 2553 532 2599 d'apres
548 2553 581 2589 le
598 2553 692 2589 recit
710 2554 897 2600 analogue
919 2554 984 2590 des
1000 2555 1161 2591 Grandes
1182 2555 1419 2599 Olzroniques‚
1435 2554 1485 2590 du
1501 2554 1583 2591 bois
1598 2555 1643 2591 de
1658 2555 1784 2592 Saint-

387 2612 517 2656 cloud,
540 2612 637 2648 mais
658 2612 684 2648 il
704 2612 784 2648 faut
803 2623 852 2648 en
881 2614 1006 2650 meme
1035 2619 1157 2660 temps
1187 2613 1373 2651 admettre
1401 2625 1475 2661 que
1504 2619 1615 2651 notre
1645 2619 1784 2650 auteur

387 2672 477 2708 s’est
502 2672 650 2718 trompe
679 2682 728 2707 en
757 2671 896 2708 faisant
923 2673 1037 2709 sortir
1061 2674 1117 2709 les
1137 2673 1333 2709 Parisiens
1358 2684 1427 2720 par
1446 2674 1483 2710 la
1511 2678 1620 2720 porte
1652 2673 1784 2710 Saint-

387 2730 558 2767 Antoine
581 2731 637 2776 (cf.
662 2731 822 2768 Grandes
844 2732 1079 2778 Chroniques,
1103 2737 1132 2768 t.
1153 2732 1223 2779 VI,
1244 2744 1281 2779 p.
1305 2732 1490 2777 128-1130).

436 2791 468 2825 4.
494 2789 602 2826 Cette
622 2792 779 2837 etrange
801 2791 1063 2827 construction
1079 2796 1136 2827 est
1156 2791 1244 2827 bien
1267 2791 1461 2828 conforme
1483 2802 1532 2827 au
1553 2791 1778 2828 manuscrit.
