2060 3345
361 317 427 354 214
940 318 1193 349 APPENDIGE.

414 399 767 454 promptement
781 396 887 436 leur
907 394 1007 437 avis
1023 407 1109 436 sur
1123 396 1169 437 la
1182 395 1426 438 meilleure
1444 396 1548 438 voie
1560 395 1590 439 ἀ
1602 398 1763 440 suivre

416 479 543 522 pour
562 466 611 507 la
632 462 825 518 defense
846 462 905 505 de
925 475 999 505 ses
1021 463 1188 506 droit-5.

645 561 809 608 (Record
829 560 967 608 Office,
987 562 1141 597 Ancient
1163 562 1480 608 Gorrespondence,
1504 562 1588 599 Box
1608 564 1678 607 11.)

414 652 670 703 Edwardus,
698 651 773 694 Dei
801 652 942 708 gratia
969 665 1047 693 rex
1075 652 1245 708 Anglie,
1278 652 1471 694 dominus
1498 652 1699 694 Hibernie
1723 657 1763 695 et

357 723 445 764 dux
464 721 708 776 Aquitanie,
728 719 891 762 dilectis
904 720 990 762 suis
1002 719 1218 775 magistris
1232 719 1286 762 A.
1304 719 1354 762 de
1366 721 1630 770 Mirimouth,
1647 722 1764 763 Hen-

355 790 444 832 rico
476 789 526 831 de
563 788 902 837 Iddellesworth‚
941 787 1127 830 Johanni
1158 786 1207 829 de
1244 786 1390 830 Ufford
1421 792 1462 829 et
1498 788 1684 830 Roberto
1716 789 1765 831 de

357 855 644 906 Radeswe111,
668 856 862 898 salutem.
893 856 1001 905 Quia
1023 868 1148 911 super
1165 855 1359 897 articulis
1378 855 1538 906 arduis,
1567 856 1766 911 periculis

360 929 401 967 et
420 925 559 966 dubiis
578 923 893 965 imminentibus
912 923 954 964 in
978 922 1242 978 processibus
1263 926 1411 965 contra
1438 936 1513 965 nos
1535 927 1575 965 et
1601 927 1765 966 nostros

360 993 404 1034 in
437 993 555 1035 curia
586 991 769 1034 Francie
801 995 841 1032 et
871 991 974 1032 alibi
1005 991 1283 1046 pendentibus
1315 989 1512 1032 indecisis
1540 995 1581 1032 et
1606 994 1764 1033 terram

356 1064 544 1103 nostram
567 1059 782 1101 Vasconie
809 1063 850 1100 et
872 1058 981 1101 alias
1006 1063 1143 1100 terras
1162 1062 1203 1100 et
1228 1057 1390 1100 insulas
1410 1058 1593 1100 dominio
1622 1064 1765 1102 nostro

356 1128 566 1184 subjectas
594 1127 886 1182 tangentibus,
920 1126 1143 1181 providum
1169 1130 1357 1168 vestrum
1391 1127 1613 1168 consilium
1645 1127 1765 1169 nobis

353 1195 561 1238 credimus
590 1199 861 1250 oportunum,
893 1194 1134 1249 specialiter
1160 1207 1237 1236 vos
1269 1206 1483 1250 rogamus,
1512 1194 1763 1237 mandantes

352 1263 486 1311 vobis,
520 1264 565 1304 in
593 1262 815 1304 dilectione
844 1275 927 1316 qua
957 1262 1075 1303 nobis
1105 1262 1307 1303 tenemini
1333 1261 1443 1316 quod
1470 1275 1595 1316 super
1613 1262 1762 1317 hujus-

351 1331 463 1374 modi
483 1330 677 1373 articulis
697 1329 896 1385 periculis
919 1332 960 1370 et
985 1329 1122 1371 dubiis
1146 1329 1267 1371 vobis
1292 1342 1367 1384 per
1392 1329 1564 1371 dilectos
1588 1329 1763 1372 clericos

352 1402 519 1442 nostros
543 1398 773 1454 magistros
797 1397 1009 1440 Andream
1036 1396 1086 1439 de
1114 1395 1275 1447 Ufford,
1309 1397 1540 1439 Henricum
1566 1396 1616 1438 de
1643 1397 1762 1440 Can-

352 1467 503 1510 tuariis
524 1469 565 1508 et
583 1466 798 1522 Rogerum
827 1465 877 1507 de
907 1464 1121 1507 Stamford
1149 1468 1190 1506 et
1214 1477 1358 1507 eorum
1385 1465 1611 1520 quemlibet
1637 1465 1762 1507 exhi-

351 1534 498 1577 bendis
516 1537 557 1576 et
576 1533 850 1589 exponendis,
874 1533 1020 1574 habita
1047 1532 1348 1574 deliberatione
1375 1532 1584 1588 diligenti,
1615 1546 1691 1575 nos
1711 1533 1762 1575 de

352 1602 592 1660 hujusmodi
611 1601 789 1644 consilio
809 1604 951 1643 vestro
971 1613 1096 1656 super
1123 1600 1206 1642 hiis
1225 1604 1265 1642 et
1286 1601 1490 1642 securiori
1516 1601 1588 1642 via
1611 1614 1762 1656 proce-

351 1671 475 1713 dendi
495 1670 550 1712 ad
564 1670 726 1726 jurium
746 1669 879 1711 nostri
907 1672 948 1710 et
967 1671 1207 1710 nostrorum
1230 1668 1510 1710 defensionem
1536 1669 1579 1709 in
1608 1669 1762 1710 eisdem

351 1752 437 1782 una
458 1751 554 1781 cum
575 1742 717 1780 tenore
731 1737 1086 1786 commissionum,
1104 1737 1495 1791 procuratoriarum
1515 1740 1555 1777 et
1574 1736 1759 1778 aliarum

350 1807 591 1849 litterarum
617 1817 979 1861 quarumcumque
1007 1804 1127 1846 nobis
1163 1808 1204 1845 et
1238 1804 1393 1845 nostris
1425 1804 1759 1845 necessariarum

351 1876 421 1917 vel
440 1874 608 1916 utilium
627 1874 670 1914 in
690 1873 902 1929 premissis
922 1872 1151 1926 inscriptis,
1174 1871 1360 1913 reddatis
1381 1871 1435 1913 ad
1459 1872 1584 1913 citius
1603 1875 1644 1913 et
1666 1872 1760 1927 ple-

352 1943 447 1984 nius
470 1955 597 1997 quam
617 1941 805 1997 poteritis
826 1940 1024 1982 certiores
1038 1939 1114 1981 sub
1129 1939 1278 1995 sigillis
1292 1939 1461 1981 vestris.
1486 1938 1606 1988 Quod
1627 1940 1661 1980 si
1681 1952 1758 1982 vos

351 2023 495 2052 omnes
525 2008 763 2065 hujusmodi
792 2007 984 2050 mandati
1017 2007 1149 2049 nostri
1178 2007 1417 2049 executioni
1446 2007 1647 2048 interesse
1674 2020 1758 2049 non

351 2078 533 2134 possitis,
558 2080 660 2119 tunc
678 2076 760 2118 duo
780 2079 966 2117 vestrum
987 2074 1145 2117 dictum
1164 2074 1412 2117 mandatum
1440 2078 1631 2116 nostrum
1657 2088 1759 2117 exe-

352 2149 555 2201 quantur.
584 2146 705 2186 Teste
730 2144 887 2199 meipso
910 2142 1024 2199 apud
1049 2146 1132 2193 ...²,
1160 2148 1240 2184 xx⁰
1275 2142 1340 2184 die
1373 2143 1613 2185 novembris
1643 2156 1758 2185 anno

351 2214 474 2270 regni
494 2213 628 2255 nostri
649 2211 882 2254 undecimo.

409 2312 607 2355 Placeat3
627 2312 883 2354 cancellario
909 2311 1067 2354 domini
1093 2311 1226 2352 nostri
1257 2310 1388 2367 Regis
1420 2309 1546 2366 quod,
1574 2310 1629 2353 ad
1655 2324 1756 2353 exe-

351 2380 563 2438 quendum
581 2379 829 2422 mandatum
846 2380 1011 2435 regium
1030 2382 1271 2421 contentum
1290 2379 1333 2420 in
1353 2379 1473 2421 brevi
1492 2379 1755 2433 presentibus

350 2461 535 2498 annexo,
556 2448 758 2504 magister
778 2447 986 2490 Ricardus
1002 2446 1051 2488 de
1064 2446 1369 2502 Schaddesleye
1389 2446 1645 2502 subrogatur
1662 2446 1755 2489 loco

400 2581 432 2615 1.
456 2579 529 2615 Ces
557 2578 657 2614 deux
685 2577 857 2613 derniers
885 2588 997 2614 noms
1027 2582 1093 2613 ont
1122 2577 1182 2613 ete
1210 2577 1350 2613 effaces
1379 2582 1416 2613 et
1447 2577 1657 2623 remplaces
1688 2588 1756 2623 par

351 2634 505 2670 Ricardo
531 2633 572 2668 de
595 2632 854 2675 Sohaddeszeye
880 2636 918 2666 et
946 2631 1115 2667 Michaebz'
1147 2632 1190 2666 de
1214 2630 1437 2674 Northbury.
1462 2629 1558 2665 Voir
1582 2629 1619 2665 la
1647 2629 1753 2676 piece

353 2685 544 2722 suivante.

399 2739 433 2774 2.
457 2738 509 2774 Le
530 2748 621 2774 nom
641 2736 691 2772 du
712 2736 787 2772 lieu
809 2742 866 2773 est
886 2736 1018 2772 efface.

401 2791 433 2827 3.
458 2790 573 2826 Piece
590 2789 711 2837 jointe
731 2789 754 2825 a
774 2789 810 2825 la
829 2788 1073 2836 precedente.
