2060 3345
222 303 322 349 1330]
587 305 793 337 RICHARDI
822 303 947 336 SCOTI
977 303 1241 336 CHRONICON.
1570 299 1611 334 ‘21

282 383 402 445 4-5-f.
426 411 488 418 -—
504 384 657 429 Mense
683 380 954 443 septembri,
987 380 1106 429 circa
1134 379 1356 435 medium,
1387 395 1470 425 rex
1496 382 1614 442 Hys-

215 460 347 524 panie
375 465 421 506 et
456 476 539 506 rex
570 456 800 521 Aragonie
832 461 994 504 contra
1033 460 1310 504 Sarracenos
1341 455 1609 519 preliantes,

212 541 306 585 Deo
332 537 488 593 dante,
513 535 652 583 cessit
676 535 868 581 victoria
889 534 1175 591 Christianis,
1199 534 1345 597 captis
1368 533 1615 597 quamplu-

211 614 341 661 rimis
378 612 641 661 Sarracenis
679 627 854 674 sexque
893 611 1078 658 milibus
1114 611 1323 673 equitum
1362 617 1408 658 et
1450 610 1612 657 decem

211 690 396 737 milibus
422 689 633 752 peditum
658 686 971 749 interemptis.

276 772 355 819 46.
371 799 434 807 —
448 771 601 818 Prima
623 770 696 817 die
718 768 1005 825 novembris,
1030 768 1074 814 in
1092 773 1190 815 toto
1207 784 1370 832 regno,
1392 785 1482 815 una
1499 768 1612 815 hora

208 848 423 896 videlicet
449 847 540 895 diei
567 846 718 901 tertia,
760 861 923 892 omnes
959 844 1127 892 fratres
1158 844 1400 907 hospitalis
1427 845 1484 892 de
1508 845 1612 892 Alto

208 928 368 981 Passu,
391 940 496 972 cum
523 923 739 970 omnibus
760 922 912 978 bonis,
935 921 993 969 de
1018 921 1238 968 mandato
1265 922 1433 968 summi
1459 922 1614 968 Ponti-

207 999 323 1055 ficis‚
348 999 610 1062 capiuntur,
631 998 852 1061 quoniam
870 997 1181 1044 abutebantur
1207 996 1504 1060 indulgentiis
1525 998 1612 1045 sibi

208 1076 344 1129 datis,
371 1075 476 1138 quia
498 1075 601 1138 plus
619 1074 664 1120 in
687 1074 823 1121 bullis
841 1074 935 1120 suis
957 1090 1096 1136 quam
1118 1073 1449 1136 principalibus
1471 1074 1613 1121 habe-

210 1153 395 1208 bantur,
434 1151 624 1207 idcirco,
662 1151 704 1197 in
739 1150 937 1197 diversis
969 1150 1298 1213 episcoporum
1327 1150 1607 1206 carceribus,

207 1227 462 1276 secundum
490 1227 700 1275 diversas
727 1243 842 1290 quas
875 1226 1196 1274 inhabitabant
1222 1226 1464 1290 dyoceses,
1496 1227 1613 1274 deti-

209 1309 394 1351 nentur.

271 1386 349 1433 47.
382 1414 445 1422 -
473 1386 586 1449 Cap.
620 1385 850 1435 CLXXIII
865 1402 909 1432 a.
941 1413 1004 1421 —
1036 1388 1084 1431 ln
1115 1391 1215 1432 toto
1242 1401 1387 1449 regno
1419 1385 1611 1432 Francic

206 1463 526 1511 universaliter
561 1464 667 1510 vina
708 1463 893 1510 fuerunt
937 1462 1137 1525 pessima
1179 1469 1223 1508 et
1266 1478 1435 1524 pauca,
1480 1479 1605 1517 nam,

205 1540 325 1586 circa
346 1540 515 1586 festum
532 1540 658 1586 Beati
685 1539 907 1602 Dyonisii,
932 1539 1237 1586 fortissimum
1256 1539 1360 1602 gelu
1389 1555 1611 1601 superve-

205 1617 335 1663 niens
361 1616 643 1663 vindemiam
673 1616 776 1662 licet
804 1615 1034 1662 modicam
1071 1616 1135 1663 sic
1161 1616 1337 1662 attrivit
1363 1622 1413 1662 ut
1438 1633 1611 1678 nequa-

206 1710 345 1756 quam
372 1692 575 1756 potuerit
598 1692 655 1740 ad
682 1693 995 1739 maturitatem
1024 1692 1235 1755 perduci.

268 1776 348 1823 48.
374 1804 438 1811 -
460 1779 615 1823 Mense
645 1775 889 1822 novembri
916 1781 960 1822 et
993 1775 1039 1821 in
1066 1775 1296 1838 principio
1323 1774 1605 1832 decembris,

203 1854 391 1900 fuerunt
417 1852 548 1915 quasi
575 1853 790 1899 continue
822 1852 1097 1915 permaximi
1135 1852 1261 1898 venti
1294 1858 1340 1898 et
1375 1868 1493 1914 aque
1524 1852 1611 1899 ssu-

203 1929 346 1976 viales
371 1928 506 1975 valde
532 1944 698 1992 magne
719 1933 914 1991 propter
940 1927 1262 1974 inundantiam
1290 1928 1559 1989 pluvialem.

266 2010 395 2058 49-b.
423 2039 488 2046 —
512 2015 561 2058 In
587 2011 739 2075 vigilia
764 2011 884 2057 beati
904 2010 1088 2058 Andree
1108 2010 1322 2074 apostoli,
1346 2010 1470 2074 apud
1490 2014 1608 2057 Lon-

203 2089 364 2136 donias
385 2088 431 2135 in
458 2088 688 2152 Angliam,
720 2089 938 2136 dominus
963 2091 1174 2152 Rogerus
1201 2088 1259 2134 de
1286 2088 1604 2143 Mortuomari,

202 2165 352 2221 miles,
388 2164 446 2211 de
483 2181 576 2227 quo
611 2171 656 2211 et
691 2181 777 2228 pro
810 2181 903 2227 quo
937 2164 1097 2228 regina
1128 2164 1291 2228 Anglie
1324 2164 1547 2211 Ysabellis
1583 2183 1608 2211 a

202 2241 361 2289 multis
388 2241 705 2304 multipliciter
741 2242 890 2288 fuerat
925 2241 1161 2296 infamata,
1200 2258 1255 2288 eo
1290 2241 1416 2304 quod
1453 2241 1605 2287 eidem

202 2318 331 2365 militi
351 2318 488 2365 nimis
514 2317 786 2364 familiarem
806 2317 1011 2365 exterius
1033 2335 1081 2365 se
1102 2317 1347 2374 reddebat,
1367 2317 1607 2364 convictus

202 2395 261 2443 de
273 2395 614 2459 conspiratione
629 2401 791 2442 contra
807 2411 1002 2459 regnum
1019 2402 1063 2443 et
1074 2411 1251 2459 regem,
1273 2395 1430 2458 regina
1446 2395 1607 2459 Anglic

202 2530 287 2567 vela
317 2541 385 2566 son
415 2530 633 2577 abjuration
664 2530 698 2565 le
729 2529 947 2565 lendemain
975 2530 1033 2566 525.
1058 2530 1109 2565 Le
1132 2530 1173 2565 19
1196 2529 1424 2577 septembre,
1448 2530 1481 2565 lc
1511 2540 1606 2575 papo

202 2590 301 2625 Jean
322 2589 443 2624 XXII
464 2589 674 2637 annongait
697 2589 731 2624 la
754 2588 931 2624 nouvelle
952 2588 973 2623 a
995 2589 1164 2635 l'cveque
1186 2593 1222 2624 ct
1243 2589 1264 2624 u
1285 2588 1533 2625 l’Univcrsitc
1560 2587 1605 2622 dc

207 2648 315 2683 Paris
334 2649 555 2696 (Raynaldi,
576 2651 736 2684 Annales
757 2649 859 2691 13:30,
887 2653 925 2682 11⁰
948 2648 1010 2691 ι26;
1036 2648 1185 2684 Denitle
1201 2654 1238 2684 ot
1259 2647 1475 2688 Chatelain,
1493 2648 1604 2681 (Illar-

207 2708 273 2740 hub.
300 2707 459 2742 Univers.
484 2707 617 2748 Paris„
641 2712 668 2742 t.
692 2706 744 2751 ΙΙ,
766 2718 799 2752 p.
824 2706 919 2747 340).
