2060 3345
146 265 249 310 1328]
518 265 724 298 RICHARDI
753 266 879 298 SCOTI
908 266 1173 299 CHRONICON.
1528 266 1546 300 5

144 346 399 394 secundum
443 351 612 392 statum
659 360 795 391 suum
839 351 1029 407 paratus
1067 351 1189 392 esset
1228 345 1353 407 apud
1394 347 1546 392 Attre-

143 425 304 472 batum
341 424 386 470 in
425 423 542 470 festo
580 421 718 469 Marie
750 421 1058 486 Magdalene1.
1096 426 1356 486 Burgenses
1392 422 1546 485 itaque

143 501 371 548 bonarum
390 499 603 546 villarum
631 514 720 544 non
749 514 798 544 se
824 498 882 544 ad
909 498 1107 560 prelium
1135 504 1433 562 paraverunt,
1464 498 1547 545 sed

142 578 248 625 data
278 577 490 641 pecunia,
519 575 565 622 in
599 575 693 622 suis
725 574 988 622 civitatibus
1018 576 1310 623 resederunt.
1341 575 1547 637 Denique

142 671 243 709 rex,
273 652 433 716 paucis
460 667 618 698 secum
644 651 915 714 assumptis,
943 652 1157 698 ecclesias
1184 652 1383 700 Parisius
1417 651 1548 715 pedi-

141 738 243 777 tans
275 729 492 776 visitabat
529 728 730 774 maxime
772 743 1003 791 pauperes
1044 728 1211 775 domos
1247 729 1327 776 Dei
1366 729 1546 792 illisque

141 807 284 854 multa
312 805 496 869 pietatis
517 821 660 868 opera
680 804 848 852 dicitur
869 805 1169 868 impendisse,
1199 812 1308 869 puta
1337 806 1547 853 osculum

142 898 380 938 manuum,
406 881 696 946 largitionem
724 881 1080 929 elemosinarum
1108 882 1546 945 porrectionemque

141 959 369 1006 ciborum.

206 1039 252 1082 7.
282 1063 346 1070 —-
374 1035 486 1097 Cap.
513 1033 697 1081 CLXIX
712 1050 755 1080 α.
778 1062 841 1068 —
864 1034 1029 1081 Habito
1048 1040 1244 1082 tractatu
1269 1041 1429 1082 contra
1450 1035 1548 1082 Fla-

140 1112 322 1176 mingos
347 1127 430 1158 rex
458 1110 581 1174 apud
608 1113 823 1158 Sanctum
852 1111 1120 1174 Dyonisium
1150 1112 1339 1158 veniens
1366 1118 1548 1159 extrac-

140 1189 199 1236 tis
222 1187 499 1251 corporibus
525 1193 788 1251 martyrum
814 1188 1076 1243 beatorum,
1103 1188 1328 1251 depositis
1355 1189 1547 1251 capucio

139 1272 184 1312 et
210 1264 435 1328 cucupha,
466 1281 613 1327 usque
638 1264 695 1310 ad
727 1265 869 1311 altare
900 1281 1062 1312 eorum
1097 1265 1302 1328 propriis
1330 1265 1547 1312 manibus

139 1341 404 1404 deportavit
446 1347 491 1387 et
538 1357 622 1387 suo
666 1340 828 1388 ordine
871 1342 1134 1397 collocavit,
1183 1358 1382 1405 corpore
1425 1341 1546 1388 beati

139 1416 358 1464 Ludoviei
394 1416 547 1479 posito
577 1416 710 1480 juxta
748 1417 894 1479 ipsos.
936 1418 1070 1465 Missa
1109 1417 1250 1481 igitur
1286 1417 1344 1464 ab
1379 1417 1546 1464 abbate

139 1494 291 1541 Sancti
328 1493 531 1556 Dionysii
565 1494 795 1540 celebrata
827 1494 1125 1541 benedictum
1162 1494 1383 1541 vexillum
1419 1495 1546 1558 quod

140 1572 280 1634 vulgo
318 1570 487 1617 dicitur
518 1571 805 1617 aurissamma
844 1570 903 1617 de
941 1587 1081 1618 manu
1118 1571 1328 1635 ejusdem
1364 1571 1546 1619 abbatis

139 1647 316 1710 accepit
336 1647 381 1693 in
403 1647 634 1710 presentia
662 1647 948 1710 prelatorum
967 1654 1012 1694 et
1036 1649 1282 1695 baronum.
1308 1648 1441 1705 Quod
1463 1666 1546 1696 rex

139 1726 329 1773 domino
348 1725 501 1773 Miloni
521 1725 579 1772 de
599 1726 863 1773 Nucheriis2'
888 1726 946 1773 ad
973 1726 1258 1790 portandum
1284 1726 1477 1773 tradidit
1502 1733 1545 1772 et

139 1802 419 1849 servandum
452 1819 512 1849 ac·
535 1819 735 1866 corpora
770 1809 1039 1850 sanctorum
1071 1809 1331 1866 martyrum
1365 1820 1456 1866 que
1488 1802 1547 1849 de

139 1880 264 1928 nullo
285 1896 394 1944 rege
415 1886 547 1927 antea
570 1880 766 1944 legimus
784 1881 910 1928 solus
931 1880 976 1926 in
997 1881 1144 1944 cripta
1168 1880 1323 1945 posuit
1340 1886 1385 1928 et
1406 1880 1548 1927 intra-

138 1956 222 2012 vit,
259 1955 479 2003 auxilium
512 1956 569 2004 ab
605 1956 719 2020 ipsis
751 1963 858 2021 post
886 1961 1033 2004 Deum
1069 1964 1114 2004 et
1146 1957 1330 2005 beatam
1358 1957 1546 2004 Mariam

139 2049 244 2080 eum
271 2032 470 2079 lacrimis
496 2032 732 2080 humiliter
753 2033 1078 2097 supplicando.
1102 2034 1185 2091 Qui
1204 2039 1366 2097 postea
1392 2035 1547 2081 Attre-

187 2164 220 2198 1.
244 2162 307 2198 Un
337 2166 420 2198 aete
450 2161 495 2196 de
527 2162 702 2208 Pliilippe
723 2162 791 2208 VI,
813 2162 899 2199 date
929 2163 973 2198 de
1004 2163 1127 2209 Paris,
1150 2163 1184 2199 le
1207 2164 1249 2199 18
1275 2163 1360 2210 juin
1383 2163 1488 2210 1328,
1509 2171 1546 2200 et

137 2220 293 2256 adresse
315 2232 363 2256 au
383 2220 488 2255 baini
509 2220 555 2255 de
579 2220 692 2267 Sens,
714 2226 820 2267 porte
843 2222 1094 2259 mandement
1114 2223 1135 2257 ἐι
1156 2228 1242 2258 tous
1265 2222 1320 2258 les
1340 2223 1475 2259 nobles
1497 2224 1544 2258 dn

139 2279 315 2326 bailliage
336 2280 381 2314 de
404 2290 443 2314 se
464 2285 620 2315 trouver
640 2291 688 2316 en
711 2291 836 2316 armes
858 2281 879 2315 a
900 2282 1022 2317 Arras
1045 2282 1078 2317 le
1100 2282 1306 2318 dimanehe
1328 2283 1437 2329 apres
1463 2283 1546 2318 l'oe-

140 2344 225 2374 tave
258 2338 303 2374 de
335 2338 371 2373 la,
404 2338 634 2382 Madeleine,
662 2350 757 2385 pour
790 2340 1001 2376 combattre
1035 2340 1088 2376 les
1123 2341 1344 2385 Flamands,
1373 2341 1450 2388 qui,
1480 2354 1546 2388 par

141 2411 155 2430 «
180 2397 515 2433 l’amonestement
536 2397 585 2433 du
606 2397 744 2444 diable,
768 2404 833 2434 ont
855 2399 1032 2436 endrecie
1053 2406 1239 2436 encontre
1262 2401 1326 2447 luy
1341 2411 1478 2435 coi-nes
1500 2400 1544 2435 do

138 2455 433 2492 desobeissance
455 2462 491 2492 et
512 2456 556 2492 do
579 2457 764 2493 rebellion
782 2471 797 2490 »
823 2458 1057 2501 (Inventaire
1079 2459 1123 2495 de
1144 2459 1252 2495 titi-es
1274 2459 1477 2505 originaux
1499 2460 1543 2494 de

140 2515 226 2551 1301
251 2516 273 2551 ’ἐι
297 2515 398 2561 1350,
420 2527 488 2562 par
508 2516 800 2563 Joursanvault,
817 2518 953 2553 110775.
978 2518 1077 2554 Bibl.
1102 2524 1199 2565 nat.⁷
1223 2518 1331 2554 fonds
1354 2519 1395 2553 [ι’.
1420 2518 1542 2563 10130,

140 2586 174 2620 p.
200 2574 293 2618 14⁶2).

187 2632 221 2668 ⁶2.
244 2633 354 2669 Miles
376 2633 419 2669 dc
441 2634 589 2681 Noycrs
611 2635 711 2670 avait
733 2634 817 2681 cloja
838 2636 915 2682 pris
938 2648 1012 2672 une
1044 2643 1125 2683 part
1152 2637 1383 2683 importante
1406 2636 1427 2670 ἐι
1450 2635 1542 2670 l’ex-

141 2690 307 2737 pedition
339 2692 482 2739 diriget}
515 2698 648 2729 contro
678 2694 733 2730 les
759 2694 966 2730 Flumands
993 2707 1040 2731 uu
1068 2695 1165 2732 mois
1199 2695 1243 2731 ‹le
1274 2694 1425 2740 janvier
1455 2694 1542 2730 1320

143 2751 364 2796 (Clu-<nmque
385 2755 600 2796 normantia,
626 2765 660 2799 p.
685 2754 726 2789 35
748 2758 785 2789 et
806 2753 900 2795 7240).
