2060 3345
398 306 484 343 xxiv
923 308 1261 340 INTRODUCTION.

396 393 558 434 Urbain
578 391 641 434 IV
666 395 706 432 et
726 389 915 432 Clement
935 389 998 430 IV
1020 388 1191 430 conduit
1216 402 1304 430 aux
1330 387 1483 430 memes
1507 389 1788 431 conclusions.

395 469 452 510 M.
484 469 659 510 Brosien
686 467 806 508 avait
831 465 1008 520 suppose
1037 478 1116 520 que
1143 465 1381 507 Guillaume
1406 465 1455 506 de
1480 465 1647 520 Nangis
1673 466 1792 507 avait

392 545 495 587 dans
524 558 592 587 ces
619 544 729 585 deux
760 543 1088 591 circonstances,
1121 555 1279 583 comme
1308 542 1363 583 du
1395 545 1503 583 reste
1533 555 1583 582 en
1617 539 1791 597 general

392 634 499 676 pour
522 620 726 662 l’histoire
754 618 826 659 des
854 631 999 672 papes,
1023 618 1133 659 suivi
1156 619 1315 660 Mar-tin
1346 617 1395 659 de
1416 619 1628 672 Troppau.
1653 617 1727 667 Or,
1755 618 1791 659 si

391 700 475 742 l’on
502 711 697 753 compare
716 710 785 739 ces
811 697 923 738 deux
944 701 1114 738 auteurs
1139 711 1196 739 au
1217 702 1331 739 texte
1352 697 1400 738 de
1420 696 1583 739 Gerard
1604 697 1653 738 de
1680 698 1790 739 Fra—

391 777 501 826 chet,
525 789 578 817 on
608 787 830 828 remarque
859 771 1064 815 aisement
1092 787 1172 828 que
1199 774 1437 816 Guillaume
1467 773 1517 815 de
1542 774 1707 829 Nangis
1732 778 1794 815 est

389 854 604 905 beaucoup
637 851 731 906 plus
762 851 899 892 voisin
933 849 983 892 de
1015 864 1062 892 06
1098 850 1265 892 dernier
1299 863 1378 904 que
1416 850 1471 892 du
1509 851 1792 905 chroniqueur

388 929 570 970 romain.

448 1003 672 1047 L’election
699 1003 905 1046 d'Urbain
928 1004 992 1046 IV
1020 1007 1082 1045 est
1111 1002 1310 1045 racontee
1335 1016 1387 1044 en
1415 1016 1483 1044 ces
1512 1007 1663 1044 termes
1687 1002 1794 1045 dans

387 1082 546 1123 Martin
573 1081 622 1122 de
642 1079 864 1135 Troppau1
892 1092 901 1120 z
934 1097 955 1118 «
981 1080 1223 1122 Alexander
1243 1081 1307 1122 IV
1331 1080 1501 1122 natione
1528 1079 1787 1134 Campanus,

387 1158 493 1199 sedit
518 1158 643 1199 annis
667 1158 693 1197 7
722 1160 763 1197 et
786 1157 968 1198 cessavit
996 1157 1261 1211 episcopatus
1292 1156 1503 1197 mensibus
1531 1156 1557 1197 3
1576 1155 1720 1197 diebus
1743 1158 1787 1197 4.

387 1235 468 1276 Hic
483 1234 661 1275 moritur
681 1233 861 1275 Viterbii
881 1237 922 1274 et
939 1233 982 1273 in
1004 1233 1179 1274 ecclesia
1201 1233 1347 1275 Sancti
1368 1233 1588 1274 Laurentii
1607 1232 1793 1274 tumula-

385 1315 471 1353 tur.
496 1310 632 1365 Hujus
653 1315 837 1364 tempore
852 1308 1153 1351 Manfredus...
1180 1309 1376 1351 Urbanus
1391 1309 1473 1357 IV,
1493 1309 1664 1350 natione
1685 1308 1792 1351 Gal-

386 1386 507 1437 licus,
532 1400 586 1428 ex
612 1387 787 1428 civitate
807 1386 1022 1434 Trecensi,
1047 1385 1152 1426 sedit
1181 1386 1306 1426 annis
1332 1385 1360 1427 3
1380 1398 1520 1426 mense
1548 1385 1568 1425 1
1598 1385 1743 1426 diebus
1765 1386 1791 1425 4

386 1467 426 1504 et
449 1463 631 1504 cessavit
650 1463 916 1518 episcopatus
936 1462 1148 1503 mensibus
1167 1461 1210 1503 9.
1240 1479 1261 1499 »

445 1541 504 1581 De
534 1540 803 1581 nombreuses
831 1538 1068 1580 incidences
1101 1539 1285 1587 suivent,
1316 1551 1475 1580 comme
1503 1537 1589 1580 l’on
1615 1538 1719 1587 voit,
1750 1538 1793 1579 la

386 1618 572 1658 mention
597 1616 647 1658 de
672 1615 954 1657 l'avenement
984 1615 1269 1657 d'Alexandre
1296 1615 1360 1657 IV
1381 1619 1422 1656 et
1450 1615 1492 1656 la
1522 1612 1718 1670 separent
1742 1614 1792 1655 de

385 1693 425 1735 la
455 1693 591 1735 notice
621 1691 848 1735 consacree
877 1691 903 1733 a
936 1705 1010 1732 son
1041 1704 1298 1733 successeur.
1328 1691 1387 1732 De
1412 1691 1522 1746 plus,
1554 1690 1737 1733 l'auteur
1764 1704 1790 1732 a

386 1768 481 1812 note
498 1783 604 1811 avec
618 1770 708 1811 soin
722 1769 765 1810 la
784 1766 910 1810 duree
930 1767 980 1809 de
994 1768 1158 1822 chaque
1173 1767 1393 1822 pontificat
1412 1770 1452 1808 et
1473 1767 1522 1808 de
1543 1768 1583 1809 la
1598 1780 1789 1809 vacance

385 1846 440 1888 du
460 1846 588 1901 siege.
613 1846 720 1887 Rieu
739 1845 788 1887 de
810 1845 1038 1886 semblable
1059 1845 1156 1886 chez
1178 1842 1339 1886 Gerard
1362 1844 1412 1885 de
1432 1844 1614 1886 Frachet
1636 1857 1645 1884 ε

447 1940 468 1960 «
491 1923 617 1964 Anno
648 1922 812 1963 Domini
840 1920 1101 1969 MCCLXII,
1131 1920 1376 1962 Alexander
1404 1934 1513 1976 papa
1542 1921 1719 1962 moritur
1746 1921 1790 1962 in

384 2000 489 2041 festo
515 1999 658 2041 Sancti
680 1998 844 2040 Urbani
871 2002 912 2039 et
939 2001 1030 2051 post
1056 1998 1099 2038 in
1119 1997 1394 2039 decollatione
1419 1997 1564 2038 Sancti
1583 1997 1792 2039 Johannis

384 2076 573 2130 Baptiste
599 2075 799 2117 Urbanus
826 2081 922 2116 1111us
948 2074 1137 2128 eligitur,
1165 2073 1382 2115 Trecensis
1412 2073 1600 2122 natione,
1632 2086 1686 2114 ex
1711 2087 1791 2128 pa—

385 2152 572 2194 triarcha
593 2151 981 2206 lerosolymitan02.
1009 2168 1030 2189 »

443 2229 501 2269 Le
521 2228 804 2282 chroniqueur
824 2228 1019 2269 limousin
1043 2227 1163 2268 avait
1185 2227 1210 2268 a
1231 2230 1316 2268 tort
1336 2224 1457 2281 place
1482 2230 1588 2268 cette
1611 2224 1789 2268 election

384 2319 434 2347 en
458 2303 621 2347 l'annee
644 2304 778 2353 126&
803 2304 1042 2346 Guillaume
1063 2303 1112 2345 de
1138 2304 1306 2359 Nangis
1326 2303 1481 2345 semble
1510 2302 1634 2345 s'etre
1659 2301 1789 2345 borne

383 2461 557 2508 quamvis
577 2460 793 2508 frequenter
813 2466 998 2503 emersus,
1021 2460 1164 2496 harena
1183 2460 1425 2504 confricatus,
1447 2470 1546 2506 aqua
1567 2459 1681 2505 lotus,
1699 2470 1787 2495 san-

383 2520 538 2566 guinem
573 2519 717 2555 stillare
756 2531 832 2555 non
864 2518 1005 2554 desinit
1036 2531 1233 2566 quousque
1267 2519 1490 2566 peregrinus
1523 2518 1719 2553 invenitur
1750 2523 1788 2554 et

383 2578 564 2624 sepelitur
602 2583 638 2613 et
676 2577 926 2624 suspenditur
964 2577 1156 2614 homicida
1197 2592 1212 2611 »
1256 2577 1379 2623 (Bibl.
1422 2582 1517 2621 nat„
1559 2576 1621 2611 lat.
1663 2577 1787 2623 5005c‚

387 2636 447 2672 fol.
471 2638 514 2673 87
536 2639 603 2680 vo).
628 2636 726 2683 Voy.
751 2638 961 2681 Ghrom‘que
981 2638 1021 2671 cie
1044 2638 1255 2673 Gumaume
1274 2638 1315 2672 de
1335 2637 1487 2680 Nanyis‚
1514 2640 1538 2670 t.
1561 2635 1593 2682 Ι,
1614 2647 1650 2682 p.
1673 2635 1755 2672 2⁶23.

434 2697 465 2730 1.
488 2697 584 2730 Mon.
608 2695 727 2731 Germ.
751 2695 851 2735 hist„
875 2700 901 2729 t.
927 2694 1040 2738 XXI,
1064 2706 1099 2740 p.
1124 2695 1205 2731 440.

433 2754 465 2789 Q,
489 2752 588 2788 Bibl.
612 2758 708 2797 nat„
729 2752 792 2788 lat.
817 2752 938 2797 50050‚
961 2752 1024 2788 fol.
1049 2753 1105 2789 88.
