2060 3345
592 314 796 346 RICHARDI
825 315 949 346 SCOTI
979 315 1265 347 GENEALOGIA.
1562 311 1623 347 ’177

232 390 389 438 relicta
409 396 663 454 pregnante
687 390 748 436 ibi
770 391 822 437 O.
848 407 938 437 non
966 391 1189 438 revolavit
1212 409 1234 438 a
1257 391 1325 439 d.¹
1352 390 1457 454 quia
1482 394 1627 438 Karo-

230 467 316 522 lus,
333 483 489 513 comes
497 466 679 522 Valesii,
694 466 770 528 qui
789 472 887 512 toto
903 483 1041 529 posse
1056 468 1340 530 aspiraverat
1356 468 1413 514 ad
1432 484 1627 531 regnum

230 551 442 592 mortuus
473 544 620 591 fuerat
654 543 790 606 paulo
816 549 939 598 ante,
970 544 1050 590 sed
1082 545 1138 591 ad
1172 545 1449 608 Philippum,
1483 544 1628 591 filium

228 637 381 678 suum,
406 627 586 684 patrem
605 619 737 666 istius
756 620 978 667 Johannis
996 621 1160 667 exulis.
1184 624 1300 669 Ecce
1322 621 1496 668 domini
1521 637 1629 667 nos-

229 696 305 752 tri,
336 704 385 744 ut
411 697 573 744 melius
599 696 745 759 potui,
770 696 933 758 scripsi
964 697 1300 761 genealogiam.

291 773 528 836 Philippus
554 772 712 835 igitur,
742 771 862 819 filius
888 772 1068 819 comitis
1093 773 1275 828 Valesii,
1307 773 1385 836 qui
1409 773 1454 819 in
1484 789 1628 837 regno

228 849 285 896 ad
307 849 433 911 quod
454 864 691 911 nunquam
711 848 931 912 sperabat
953 866 1001 895 se
1025 849 1183 896 venire
1201 852 1482 897 Francorum
1502 867 1629 897 com-

228 925 354 972 muni
397 924 725 972 deliberatione
766 930 874 989 post
915 925 1058 973 multa
1101 926 1255 973 habita
1298 927 1419 974 inter
1464 944 1544 974 eos
1585 933 1630 974 et

226 1001 442 1065 Anglicos
478 1008 750 1066 argumenta
786 1003 936 1049 fuerat
976 1002 1276 1059 sublimatus,
1316 1003 1363 1050 in
1400 1003 1628 1066 principio

227 1078 357 1142 regni
390 1078 457 1126 sui
486 1078 751 1126 convocatis
783 1095 941 1126 coram
974 1096 1022 1126 se
1050 1079 1304 1127 baronibus
1332 1079 1425 1126 suis
1459 1085 1628 1126 tracta-

226 1161 325 1202 tum
351 1154 510 1202 habuit
537 1171 678 1219 super
705 1155 995 1203 ordinatione
1025 1156 1157 1220 regni
1183 1159 1387 1203 Navarre
1414 1162 1460 1203 et
1486 1156 1630 1203 comi-

227 1237 347 1279 tatus
373 1232 669 1296 Campagnie‚
697 1238 759 1289 et,
785 1232 1051 1279 convocatis
1074 1232 1287 1296 plurimis
1315 1232 1546 1279 nobilibus
1572 1232 1630 1278 de

226 1325 371 1373 regno
400 1312 621 1365 Navarre,
659 1309 716 1356 de
751 1326 913 1356 eorum
943 1309 1179 1356 voluntate
1214 1316 1260 1357 et
1295 1326 1506 1366 assensu,
1543 1309 1631 1355 hoc

226 1386 515 1450 approbante
555 1402 804 1450 procerum
844 1389 1126 1434 Francorum
1168 1386 1384 1443 consilio,
1428 1385 1631 1433 restituit

226 1466 324 1510 Rex
367 1462 541 1510 dictum
579 1480 777 1527 regnum
814 1463 1096 1518 Ludovico2‚
1139 1463 1295 1510 comiti
1337 1463 1625 1518 Ebroicensi‚

226 1540 317 1586 filio
350 1540 570 1591 Ludovici
602 1540 758 1587 fratris
790 1540 944 1587 Karoli
983 1541 1164 1587 comitis
1199 1541 1363 1590 Valesii
1403 1558 1461 1587 ex
1499 1546 1630 1603 parte

227 1616 388 1679 patris,
417 1616 496 1663 filii
521 1617 680 1681 regine
708 1617 846 1664 Marie
874 1616 931 1663 de
964 1617 1224 1674 Brebanto3
1254 1623 1299 1664 et
1330 1618 1418 1664 hoc
1450 1616 1629 1663 ratione

225 1692 385 1739 uxoris
419 1708 500 1739 sue
535 1692 741 1739 ,Iohanne
775 1691 847 1739 cui
883 1692 940 1739 de
971 1692 1074 1756 jure
1112 1693 1372 1740 debebatur
1409 1707 1625 1756 regnum,

225 1785 330 1816 cum
366 1774 488 1816 esset
517 1768 609 1815 filia
640 1768 858 1816 Ludovici
895 1769 1192 1833 primogeniti
1232 1769 1437 1818 Johanne
1471 1769 1629 1832 regine

225 1845 412 1893 Francie
443 1852 488 1892 et
525 1849 752 1902 Navarre,
789 1846 1026 1908 quondam
1067 1847 1228 1894 uxoris
1266 1847 1390 1910 regis
1430 1845 1628 1909 Philippi

225 1922 396 1978 Pulcri3
427 1922 603 1969 ratione
630 1939 744 1969 vero
769 1923 1015 1970 comitatus
1043 1924 1308 1987 Campanie‚
1339 1923 1452 1970 alios
1478 1923 1628 1970 eidem

225 1998 433 2045 redditus
451 1999 703 2063 assignavit
723 1999 769 2045 in
789 2000 1008 2047 comitatu
1030 2000 1227 2048 Marchie
1245 2000 1375 2064 juxta
1394 1999 1629 2047 civitatem

224 2076 539 2139 Angolismam
568 2075 691 2139 (sic).

289 2156 335 2199 In
375 2153 580 2216 quinque
620 2159 775 2199 autem
817 2152 947 2199 lineis
989 2154 1061 2200 vel
1105 2154 1280 2210 minus,
1320 2153 1630 2217 recoligamus

224 2230 541 2293 genealogiam
563 2235 785 2276 nostram.
805 2230 1059 2294 Philippus,
1078 2231 1199 2278 filius
1218 2230 1369 2278 Sancti
1389 2229 1625 2283 Ludovici‚

224 2306 383 2369 genuit
416 2305 701 2353 Ludovicum
736 2307 814 2369 qui
843 2307 974 2363 obiit,
1005 2307 1265 2371 Philippum
1303 2308 1519 2355 Pulcrum
1551 2307 1629 2369 qui

226 2383 463 2439 successit,
500 2383 739 2439 Karolum,
773 2384 991 2430 comitem
1024 2385 1189 2432 Valesii
1221 2391 1399 2448 patrem
1433 2383 1629 2446 Philippi

226 2460 386 2506 ultimo
425 2460 628 2508 defuncti
663 2461 853 2508 Francie
896 2461 1042 2524 regis,
1085 2461 1628 2509 Ludovicumcomitem

226 2536 528 2584 Ebroicarum
574 2543 756 2600 patrem
797 2537 1042 2585 Ludovici3
1090 2540 1236 2602 patris
1286 2539 1417 2586 istius
1463 2537 1622 2584 muris.

275 2661 305 2694 1.
331 2659 437 2694 Cette
458 2659 695 2694 abreviation
719 2659 909 2704 remplace
927 2670 1016 2694 sans
1032 2659 1143 2695 doute
1167 2671 1240 2695 une
1257 2659 1417 2695 formule
1436 2658 1627 2705 juridique

227 2719 318 2753 dont
340 2729 437 2754 nous
458 2718 616 2754 n’avons
638 2730 684 2764 pu
708 2717 943 2754 determiner
965 2719 997 2754 le
1019 2729 1121 2755 sens.

273 2775 307 2810 Q.
333 2788 346 2807 «
374 2775 479 2810 Alias
502 2775 691 2822 Philippo,
718 2789 731 2807 »
756 2775 851 2810 dans
873 2775 1115 2823 l'interligne.

276 2834 307 2868 3.
334 2846 347 2865 «
375 2832 551 2879 Philippi,
577 2849 589 2867 »
617 2833 805 2869 substitue
826 2833 921 2869 dans
945 2834 1188 2881 l‘interligne.

373 2899 380 2927 l
1451 2895 1485 2928 12
