2060 3345
176 316 274 362 1345]
397 319 601 351 RICHARDI
630 318 756 350 SCOTI
785 290 992 350 GHRleilcl
1021 318 1330 350 CONTINUATIO.
1523 316 1565 350 57

233 400 342 444 466.
384 425 448 433 -—-
486 400 603 444 Dum
647 395 865 444 dominus
907 396 1139 444 Johannes
1178 395 1236 443 de
1271 394 1563 443 Monteforti¹

165 474 386 521 ducatum
419 473 651 520 Britannie
685 472 942 529 infestaret,
982 490 1138 520 comes
1174 472 1232 520 de
1263 471 1565 527 Norentonio,

163 550 431 613 capitaneus
470 550 768 614 Anglicorum
811 549 857 595 in
901 549 987 596 illis
1028 550 1241 612 partibus
1277 549 1564 613 degentium,

164 627 319 674 villan]
346 627 404 674 de
433 627 637 674 Karahes
669 626 914 688 temptavit
940 642 1106 688 capere
1133 627 1177 673 vi
1203 627 1460 674 assultuum
1487 624 1569 672 sed

165 704 388 766 nequivit.
413 704 542 751 Unde
569 703 627 750 ad
652 705 833 766 Rupem
859 702 1040 749 Deriani
1068 703 1388 761 retrocedens,
1413 702 1570 749 multis

162 780 328 827 diebus
354 780 509 826 villam
541 779 732 826 assilivit
758 785 804 826 et
834 779 1089 826 introrsum
1122 786 1361 827 manentes
1387 779 1571 826 fortiter

162 873 212 904 se
237 856 580 909 deffenderunt,
605 855 686 902 sed
714 861 888 912 tamen,
913 855 971 902 de
998 872 1226 903 consensu
1253 872 1435 913 eorum,
1462 855 1571 918 quia

163 933 268 980 fami
298 932 450 980 media
477 932 815 996 primebantur,
846 938 892 979 et
916 938 1080 979 cuncta
1105 932 1295 979 missilia
1319 949 1571 995 consump-

161 1016 334 1065 serant,
373 1009 590 1057 dominus
628 1013 761 1073 Hugo
796 1009 980 1066 Arael2,
1020 1008 1290 1072 capitaneus
1328 1009 1472 1072 opidi,
1512 1008 1570 1055 ad

160 1086 376 1150 Anglicos
401 1086 645 1143 accedens,
670 1085 802 1149 petiit
822 1091 868 1132 et
889 1086 1153 1148 impetravit
1179 1086 1305 1148 quod
1333 1092 1440 1148 post
1465 1091 1570 1132 octo

161 1162 260 1209 dies
293 1162 514 1226 oppidani
551 1179 657 1210 cum
694 1162 828 1209 bonis
864 1162 959 1209 suis
991 1162 1099 1209 inde
1134 1162 1425 1209 recederent.
1456 1164 1571 1210 Cum

160 1238 300 1302 igitur
318 1238 442 1285 idem
467 1238 752 1302 capitaneus,
783 1237 1033 1301 episcopus
1057 1238 1395 1302 Trigorensis3,
1421 1238 1571 1284 domi-

161 1332 247 1362 nus
266 1315 536 1378 Radulphus
556 1315 613 1362 de
635 1318 767 1378 Rupe
789 1321 835 1362 et
855 1315 995 1362 ceteri
1025 1315 1192 1361 milites
1219 1315 1326 1362 inde
1352 1314 1571 1361 recessis-

160 1398 280 1449 sent,
309 1409 466 1439 comes
490 1392 547 1438 de
564 1392 866 1449 NorentoniO,
892 1392 950 1439 ad
976 1391 1236 1439 custodiam
1254 1391 1395 1439 castri
1423 1391 1571 1454 depu-

160 1469 267 1516 tatis
288 1469 578 1525 custodibus,
596 1469 753 1516 villam
772 1469 830 1516 de
847 1468 1051 1516 Lannion
1071 1469 1349 1516 victualibus
1366 1474 1413 1516 et
1429 1469 1571 1516 armis

160 1548 404 1603 munitam,
432 1547 604 1593 frustra
622 1563 789 1610 capere
812 1546 1071 1609 temptavit.
1096 1546 1206 1592 Inde
1224 1563 1310 1609 per
1329 1546 1570 1609 episcopa-

159 1629 259 1671 tum
279 1627 583 1678 Leonensem,
608 1623 686 1670 ubi
709 1623 779 1670 sui
802 1623 982 1687 pugiles
1003 1623 1146 1669 multa
1167 1623 1307 1686 opida
1328 1629 1565 1686 ceperant,

158 1700 496 1764 pertransiens,
527 1699 849 1763 episcopatum
875 1704 1209 1747 Trecorensem
1239 1699 1429 1747 intravit
1459 1700 1567 1747 hos-

159 1777 299 1824 tiliter
330 1784 376 1824 et
407 1777 519 1824 dum
557 1777 622 1825 sic
660 1776 975 1825 discursiones
1015 1776 1204 1823 hostiles
1242 1782 1489 1840 perageret
1525 1783 1569 1824 et

159 1854 354 1919 pugilles
379 1871 497 1917 quos
526 1854 811 1918 relinquerat
839 1853 897 1901 ad
931 1853 1224 1901 obsidionem
1256 1853 1314 1901 de
1341 1853 1565 1910 LannIOn,

159 1932 380 1989 assultus,
423 1931 671 1995 oppidanis
712 1931 894 1979 fortiter
934 1930 1283 1987 resistentibuS,
1324 1930 1565 1987 iterarent,

157 2007 375 2056 custodes
399 2007 545 2071 Rupis
575 2007 775 2065 Deriani,
811 2012 1036 2056 exeuntes
1066 2007 1125 2054 de
1157 2013 1296 2071 portu
1330 2007 1566 2070 proximo,

158 2085 282 2132 mille
302 2091 347 2131 et
366 2098 452 2134 CCC
472 2101 580 2131 vasa
600 2084 709 2131 vino
731 2084 864 2148 plena
885 2089 1160 2148 rapuerunt,
1182 2083 1347 2132 occisis
1368 2084 1571 2132 conduc—

159 2161 356 2209 toribus.
386 2165 455 2209 Ex
481 2161 644 2225 rapina
675 2161 769 2208 fere
797 2178 882 2224 per
914 2177 1087 2208 annum
1121 2161 1356 2225 integrum
1396 2161 1571 2208 ducen-

208 2299 241 2333 1.
264 2297 316 2333 Le
345 2297 390 2333 ξ20
416 2297 494 2332 mai
524 2297 627 2342 1345,
651 2297 683 2332 le
712 2300 838 2332 comte
868 2296 912 2331 de
941 2296 1124 2332 Montfort
1153 2296 1292 2342 pretait
1322 2296 1526 2342 hommage
1548 2295 1570 2330 ἐι

160 2347 337 2392 Edouard
358 2356 415 2392 ΠΙ
436 2367 585 2393 comme
618 2356 671 2391 roi
701 2356 746 2391 (le
768 2355 916 2391 France
946 2366 1041 2401 pour
1062 2355 1096 2391 le
1126 2355 1250 2391 duche
1280 2354 1324 2391 de
1352 2354 1568 2400 Bretagne3

160 2416 193 2451 le
216 2416 233 2452 3
254 2416 338 2463 juin
361 2415 531 2461 suivant,
554 2416 586 2450 le
608 2415 663 2450 roi
690 2414 959 2461 d‘Angleterre
987 2413 1159 2450 mandait
1181 2426 1229 2449 au
1251 2419 1377 2450 comte
1398 2413 1443 2449 (le
1466 2413 1566 2449 Nor-

159 2476 377 2521 thampton,
401 2486 469 2510 son
498 2474 713 2510 lieutenant
736 2485 784 2509 en
808 2474 1014 2519 Bretagne,
1036 2472 1179 2509 d'aider
1199 2473 1244 2509 de
1271 2478 1355 2509 tout
1376 2484 1445 2508 son
1474 2484 1566 2518 pou-

160 2534 243 2570 voir
257 2534 291 2570 le
313 2538 438 2570 comte
460 2534 504 2569 de
522 2534 705 2570 Montfort
723 2533 744 2568 ἐι
766 2533 1017 2580 reconqucrir
1032 2544 1102 2569 son
1122 2533 1246 2569 duche
1263 2532 1437 2580 (Rymer,
1453 2531 1497 2568 R.
1516 2531 1565 2576 II,

160 2604 195 2639 p.
220 2605 258 2639 11,
281 2593 338 2637 39,
361 2594 432 2637 42).

208 2652 242 2686 2
269 2665 283 2684 «
308 2651 392 2687 Hue
413 2651 459 2687 de
480 2652 667 2687 Uarrimel
690 2665 704 2684 »
731 2653 904 2695 (Grandes
926 2652 1162 2696 mironiques2,
1187 2658 1212 2687 t.
1232 2651 1280 2696 V,
1304 2662 1338 2696 p.
1363 2650 1456 2689 filil).
1483 2649 1567 2683 I'lu-

162 2710 286 2745 sieurs
307 2721 399 2746 mss.
422 2711 594 2746 donuent
617 2722 766 2746 comme
789 2711 983 2746 variantes
1009 2723 1015 2744 t
1042 2711 1189 2751 Cassiel,
1213 2711 1334 2746 Arai‘l.

210 2768 242 2804 3.
268 2768 437 2804 Rich-ard
457 2770 505 2805 du
531 2769 677 2806 Poirier
698 2769 790 2804 (etait
811 2770 955 2815 aveque
980 2769 1024 2805 dc
1045 2769 1231 2815 Treguicr
1257 2768 1389 2814 depuis
1419 2767 1568 2803 l'annoe

164 2828 252 2864 1338
274 2828 407 2867 (Gallia
429 2830 648 2867 christiana,
676 2835 699 2864 t.
730 2828 799 2872 xl,
823 2828 894 2865 col.
920 2829 1035 2873 1125).
