2060 3345
422 376 466 411 ‘34
793 374 997 408 nmmum
1027 371 1153 404 sco‘rl
1182 371 1446 404 OHRONIGON.
1708 366 1808 413 [1331

487 454 566 502 54.
585 481 646 490 -—
666 455 774 500 Post
792 449 1138 498 inundationem
1158 449 1418 512 pluviarum
1436 464 1526 511 que
1546 465 1571 494 a
1589 447 1814 511 principio

422 530 682 579 decembris
706 528 960 590 inceperat,
979 531 1029 573 ut
1050 524 1225 573 dictum
1238 531 1326 580 est,
1343 531 1390 572 et
1403 525 1652 572 duraverat
1665 540 1814 586 usque

391 596 395 599 V
421 607 479 654 ad
504 606 778 670 principium
803 603 974 660 martii,
998 608 1155 650 secuta
1175 608 1245 650 est
1270 608 1395 650 tanta
1419 600 1618 649 siccitas⁴
1641 618 1666 647 a
1686 600 1814 663 prin-

420 683 539 746 cipio
562 681 713 728 martii
734 686 779 727 et
801 679 1019 742 deinceps
1038 684 1088 726 ut
1113 684 1237 726 terre
1258 676 1598 741 quamplurime
1620 681 1815 739 propter

420 757 643 805 duriciam
673 755 791 803 arari
826 755 1094 818 nequibant,
1133 755 1214 803 sed
1251 754 1417 802 inculte
1449 751 1633 816 penitus
1666 767 1816 798 rema-

421 835 608 881 nebant.

485 912 611 957 55-3.
641 937 704 945 —
730 911 827 956 Hoc
857 924 979 955 anno
1009 906 1363 955 rex'Boethmie
1387 905 1581 953 Ytaliam
1606 904 1811 952 intravit.

419 990 564 1045 Quem
605 985 815 1033 videntes
850 984 1011 1031 Ytalici
1040 983 1259 1048 guibelini
1297 990 1343 1030 et
1374 987 1678 1047 agnoscentes
1710 997 1816 1028 eum

419 1063 559 1111 fuisse
585 1062 730 1109 filium
756 1060 939 1108 Henrici
965 1060 1260 1123 imperatoris
1282 1059 1444 1106 ultimo
1466 1057 1686 1113 defuncti,
1710 1073 1817 1104 eum

420 1155 524 1186 cum
557 1138 732 1184 honore
765 1137 968 1184 maximo
1004 1141 1326 1199 susceperunt,
1364 1135 1562 1197 sibique,
1589 1134 1817 1197 abnegato

420 1218 596 1262 Bavaro
622 1219 668 1260 et
701 1212 799 1276 ejus
831 1212 1054 1269 dominio,
1092 1228 1197 1258 cum
1232 1210 1443 1273 plurimis
1476 1209 1738 1257 civitatibus
1769 1225 1817 1256 se

420 1289 690 1336 omnimodo
715 1287 1039 1335 subdiderunt.

487 1368 563 1413 56.
588 1395 650 1402 —
670 1365 740 1413 Ab
758 1365 833 1412 illo
851 1380 967 1411 vero
986 1370 1199 1427 tempore
1220 1362 1418 1410 multum
1439 1361 1610 1425 incepit
1636 1361 1818 1408 fortuna

420 1443 582 1492 Bavari
625 1441 927 1490 decrescere2
968 1445 1014 1486 et
1046 1439 1142 1503 jam
1181 1439 1238 1486 de
1275 1455 1331 1486 eo
1366 1438 1487 1485 fama
1523 1437 1705 1484 modica
1744 1437 1817 1483 vel

421 1519 543 1567 nulla
569 1534 756 1566 currere
784 1516 1048 1564 videbatur.

486 1598 563 1642 57.
593 1623 657 1630 —-
696 1594 822 1641 Multi
862 1592 1040 1640 nobiles
1076 1591 1310 1654 principes
1346 1596 1392 1637 et
1425 1589 1626 1636 barones
1663 1594 1710 1636 et
1746 1589 1819 1635 alii

421 1672 590 1719 milites
603 1670 828 1734 parabant
843 1685 892 1716 se
909 1669 955 1715 in
972 1668 1191 1715 auxilium
1208 1667 1570 1715 Christianorum
1589 1666 1819 1728 proficisci

421 1748 467 1794 in
504 1763 701 1811 regnum
734 1747 947 1801 Granate,
978 1744 1077 1800 sed,
1107 1744 1211 1790 licet
1244 1743 1410 1790 devote
1436 1742 1496 1789 ob
1531 1742 1679 1789 zelum
1712 1741 1819 1788 fidei

421 1828 740 1878 moverentur,
766 1821 1089 1868 nichilominus
1110 1825 1215 1867 sunt
1237 1819 1451 1875 fraudati,
1474 1835 1580 1865 nam
1602 1834 1685 1865 rex
1703 1822 1819 1880 Hys-

424 1900 556 1963 panie
578 1904 764 1961 treugas
783 1897 976 1944 dederat
1003 1896 1283 1951 Salmacenis,
1309 1911 1424 1957 quas
1449 1901 1636 1958 treugas
1661 1893 1820 1941 dicunt

422 1976 554 2022 multi
588 1990 748 2038 regem
783 1972 1015 2036 Hyspanie
1048 1977 1343 2035 corruptum,
1376 1971 1596 2034 pecunia,
1633 1986 1821 2016 conces-

422 2051 553 2098 sisse.

949 2115 988 2159 M
1006 2113 1106 2160 CCC
1123 2114 1284 2159 XXXI.

489 2220 609 2281 58-f.
632 2247 696 2255 —
720 2219 852 2265 Anno
877 2217 1058 2265 Domini
1084 2217 1136 2265 M⁰
1155 2216 1259 2266 CCC⁰
1279 2216 1413 2265 ΧΧΧΙο
1431 2217 1521 2265 lata
1543 2222 1613 2265 est
1636 2221 1821 2265 senten-

422 2360 459 2391 et
478 2355 521 2391 16
541 2353 564 2389 ὲ
585 2352 1069 2390 Pont-Sainte-Maxence.
1093 2353 1145 2387 Le
1165 2352 1224 2398 20,
1246 2351 1271 2386 il
1293 2351 1385 2387 &tait
1405 2350 1450 2387 de
1473 2355 1601 2387 retour
1621 2350 1643 2386 ἐι
1662 2350 1819 2397 Weng—

422 2414 513 2449 ham
535 2412 641 2459 (Rec.
665 2411 744 2458 off.,
765 2413 864 2447 Edw.
887 2413 953 2454 III,
976 2413 1087 2456 Privy
1107 2413 1209 2455 seals,
1235 2410 1462 2455 4536-4543).

472 2473 502 2507 1.
529 2484 543 2505 «
560 2471 593 2506 ΙΙ
607 2471 648 2506 fit
664 2470 695 2506 si
711 2475 823 2517 grant
839 2470 1061 2506 secheresse
1080 2483 1093 2502 n
1111 2470 1288 2512 (Grandes
1309 2470 1543 2513 Chroniques,
1560 2472 1587 2503 t.
1606 2467 1656 2512 V,
1672 2479 1707 2513 p.
1725 2467 1817 2511 54⁶2).

424 2530 526 2566 C‘est
546 2529 693 2576 d'apres
724 2540 787 2565 ces
817 2535 916 2564 mots
944 2540 1016 2575 que
1037 2528 1233 2576 d’Achery
1253 2533 1290 2564 et
1311 2527 1455 2564 Giraud
1476 2532 1542 2563 ont
1564 2527 1705 2574 ajoute,
1726 2527 1821 2563 dans

424 2588 479 2625 les
499 2588 661 2625 editions
682 2587 726 2623 de
748 2588 784 2622 la
804 2587 1070 2623 continuation
1091 2588 1135 2623 de
1157 2587 1375 2623 Guillaume
1396 2586 1441 2622 de
1462 2585 1624 2632 Nangis,
1643 2585 1822 2632 l’exprcs·

426 2647 510 2684 sion
533 2660 548 2680 «
571 2651 679 2682 tanta
708 2645 862 2682 siccitas
892 2650 1024 2682 secuta
1053 2651 1124 2692 est,
1150 2659 1164 2680 »
1187 2645 1251 2693 qui
1281 2655 1448 2692 manque
1469 2644 1564 2680 dans
1585 2644 1640 2680 les
1660 2655 1822 2680 manus-

426 2711 532 2742 crlts.

473 2765 507 2799 2.
533 2777 547 2797 (ι
583 2763 809 2799 Discurrere
844 2776 859 2796 »
896 2762 1064 2807 (Contin.
1101 2763 1145 2799 de
1177 2762 1397 2799 Guillaume
1429 2761 1474 2797 de
1506 2761 1674 2808 Nangis,
1708 2766 1734 2796 t.
1770 2761 1821 2803 ΙΙ»,

428 2834 462 2869 p.
491 2822 588 2867 123);
612 2835 627 2855 «
651 2822 674 2857 a
694 2820 900 2858 decroistre
924 2834 938 2855 »
964 2821 1138 2866 (Grandes
1160 2822 1396 2866 Chromques,
1419 2826 1445 2856 t..
1468 2820 1518 2866 V,
1539 2831 1574 2867 p.
1599 2820 1691 2865 543).
