2060 3345
205 351 307 397 1348]
437 354 641 386 RICHARDI
669 352 795 385 SCOTI
825 352 1031 385 CHRONICI
1059 350 1364 384 CONTINUATIO.
1561 346 1604 381 83

201 435 253 482 M⁰
267 434 371 483 CCC⁰
387 434 549 484 ΧΙΝῙΠο
565 439 612 480 et
632 431 815 480 duobus
841 432 1141 495 sequentibus
1167 430 1315 487 annis,
1340 429 1476 492 longe
1495 428 1607 474 late—

201 528 293 574 que
337 528 423 574 per
463 511 625 558 orbem
668 509 967 564 universum,
1009 508 1109 555 dira
1152 506 1409 554 mortalitas
1452 521 1544 567 que
1581 521 1607 550 a

201 588 394 634 medicis
420 588 541 634 dicta
568 586 652 634 fuit
677 585 911 649 epydimia
941 584 1211 647 perduravit
1236 589 1281 630 et
1300 589 1370 629 tot
1394 581 1608 629 homines

201 664 569 728 apostematibus
611 662 782 710 mortui
827 667 933 708 sunt
972 661 1098 723 quod
1144 660 1202 707 de
1238 675 1305 707 xx
1349 659 1443 706 duo
1489 674 1608 721 pene

199 747 543 795 remanserunt,
562 756 653 802 qua
672 738 876 802 vigente,
900 737 946 783 in
968 736 1073 782 villa
1092 735 1338 782 parisiensi
1358 734 1455 781 fere
1473 733 1609 796 quin-

199 817 419 881 quaginta
453 816 577 863 milia
609 814 867 869 hominum,
897 813 942 859 in
969 812 1076 859 villa
1101 829 1216 859 vero
1253 811 1375 858 beati
1400 809 1609 874 Dyonisii

199 893 432 941 sexdecim
459 892 583 939 milia
609 897 655 938 et
680 891 726 937 in
753 889 942 937 ecclesia
969 903 1069 936 XXX
1101 895 1147 935 et
1174 888 1373 951 amplius
1399 886 1607 951 religiosi

199 970 360 1016 eadem
393 968 667 1033 gravissima
701 972 831 1030 peste
865 965 1092 1027 assumpti
1118 963 1275 1011 sunt1.
1305 967 1419 1011 Toto
1452 968 1607 1009 tamen

197 1053 411 1109 tempore
429 1062 522 1109 quo
541 1043 743 1100 duravit,
761 1048 937 1090 tantam
954 1041 1153 1106 gratiam
1170 1040 1394 1087 Dominus
1411 1039 1607 1087 contulit

198 1123 466 1172 Christianis
491 1128 541 1169 ut
561 1120 840 1168 decedentes
861 1119 991 1182 quasi
1013 1119 1168 1166 subito
1194 1134 1357 1165 omnes
1381 1117 1458 1164 leti
1482 1133 1609 1163 mor-

198 1206 292 1247 tem
306 1199 632 1263 expectabant,
652 1214 734 1244 nec
748 1202 848 1244 erat
867 1196 1033 1258 aliquis
1054 1195 1165 1258 quin
1181 1194 1421 1242 confessus
1438 1199 1607 1240 etcum

196 1276 364 1324 viatico
403 1275 649 1323 sanctifero
689 1274 829 1320 vellet
867 1273 1003 1319 mori.
1045 1275 1168 1335 Papa
1212 1271 1353 1317 etiam
1396 1270 1609 1317 Clemens

197 1358 374 1409 sextus,
407 1353 453 1399 in
486 1352 642 1400 multis
674 1350 938 1398 civitatibus
972 1355 1018 1395 et
1050 1348 1185 1403 villis,
1216 1346 1551 1410 indulgentiam
1582 1364 1609 1393 a

196 1446 315 1493 pena
335 1436 380 1476 et
397 1429 532 1492 culpa
557 1427 841 1476 concedebat
860 1426 918 1473 ad
939 1425 1213 1472 obeuntium
1238 1423 1465 1471 favorem.
1492 1424 1607 1470 Cau-

197 1523 296 1553 sam
340 1506 476 1570 hujus
521 1504 798 1568 epidimialis
839 1502 985 1566 pestis
1028 1501 1144 1548 varii
1185 1501 1311 1547 varie
1356 1500 1607 1547 sentientes

197 1582 412 1629 dicebant
439 1582 566 1645 quod
593 1585 875 1645 provenerat
896 1596 954 1625 ex
979 1578 1100 1625 aeris
1126 1577 1372 1625 infectione
1399 1583 1444 1623 et
1464 1594 1607 1639 aqua—

196 1675 303 1705 rum
331 1658 438 1721 quia
464 1664 573 1704 tunc
598 1656 825 1720 temporis
852 1672 945 1702 non
973 1660 1073 1702 erat
1099 1655 1244 1700 fames
1270 1669 1356 1700 nec
1383 1652 1606 1699 deflectus

196 1735 463 1782 victualium
499 1749 905 1796 quorumcumque
941 1731 1023 1778 sed
1060 1729 1377 1777 habundantia
1417 1745 1602 1792 magna.

197 1811 445 1874 Corruptio
483 1817 637 1858 tamen
673 1826 899 1873 aquarum
935 1807 1094 1857 Judeis
1129 1813 1240 1854 tunc
1275 1806 1358 1853 fuit
1390 1805 1606 1868 imposita

198 1888 318 1935 unde
348 1888 394 1934 in
431 1886 643 1950 pluribus
680 1886 792 1933 locis
826 1885 969 1932 multa
1006 1884 1130 1930 milia
1166 1899 1331 1930 eorum
1367 1882 1606 1929 interfecta

195 1964 384 2012 fuerunt
409 1963 624 2027 quamvis
655 1963 741 2010 alia
774 1980 910 2010 causa
947 1977 1087 2024 quam
1120 1961 1207 2008 ista
1240 1959 1463 2024 assignari
1492 1975 1604 2021 pro-

195 2041 356 2097 tuerit,
393 2046 557 2104 utpote
587 2040 802 2087 voluntas
835 2039 913 2086 Dei
949 2044 996 2086 et
1027 2037 1237 2086 humoris
1275 2035 1511 2084 intrinseci
1547 2052 1605 2081 cx

196 2119 314 2165 aeris
347 2117 700 2181 indispositione
736 2116 961 2178 corrupti.
1002 2117 1220 2163 Cessante
1252 2120 1406 2161 autem
1440 2111 1605 2175 ypydi-

196 2195 304 2251 mia,
335 2194 423 2241 viri
449 2194 529 2257 qui
561 2198 887 2241 remanserunt
915 2209 1021 2240 cum
1046 2191 1318 2238 mulieribus
1345 2194 1606 2253 nupserunt

196 2278 241 2318 et
282 2287 454 2319 uxores
493 2271 627 2317 solito
666 2269 906 2317 fecundius
949 2274 1289 2331 conceperunt,
1329 2283 1413 2314 nec
1452 2266 1603 2329 aliqua

195 2347 518 2410 reperiebatur
549 2346 735 2401 sterilis,
772 2362 879 2408 ymo
912 2345 974 2392 ita
1007 2361 1147 2407 quam
1181 2344 1338 2407 plures
1370 2342 1482 2389 alios
1508 2349 1603 2389 tres

194 2424 515 2487 parturiebant
547 2423 746 2470 infantes
779 2438 870 2468 uno
908 2426 1042 2484 partu
1078 2421 1155 2484 qui
1191 2427 1344 2467 tamen
1382 2419 1603 2481 deinceps

196 2500 308 2548 dum
344 2500 403 2548 ad
437 2506 608 2547 etatem
643 2499 852 2546 dentium
888 2497 1175 2562 attingebant
1215 2496 1399 2544 nonnisi
1431 2510 1496 2543 xx
1529 2495 1600 2541 vcl

245 2630 277 2664 1.
300 2629 371 2663 Les
392 2629 554 2665 Grandes
577 2629 800 2672 Clirona'ques
821 2626 995 2662 (lonnent
1016 2626 1049 2661 le
1075 2627 1202 2662 meme
1234 2625 1394 2661 nombre
1415 2625 1459 2659 (16
1482 2630 1600 2659 moris

196 2697 292 2733 pour
322 2686 430 2722 Paris
459 2692 496 2723 et
525 2698 620 2733 pour
651 2686 687 2721 la
716 2686 805 2722 ville
833 2685 877 2721 do
909 2684 1157 2720 Saint-Denis
1185 2689 1228 2726 (t.
1251 2683 1301 2729 V,
1324 2695 1358 2729 p.
1382 2683 1477 2727 4813),
1505 2682 1601 2716 maiis

198 2751 307 2781 notre
335 2750 473 2781 auteur
502 2751 558 2781 est
587 2746 620 2782 16
642 2745 724 2781 seul
744 2745 765 2779 ὰ
788 2744 936 2780 relever
956 2754 997 2779 ce
1018 2743 1133 2779 detail
1164 2754 1271 2779 assez
1302 2741 1527 2789 significatis
1551 2741 1599 2776 du

198 2804 356 2841 nombre
385 2804 451 2840 des
482 2804 667 2851 religieux
694 2804 739 2839 (16
769 2803 940 2850 l’ubbayc
967 2802 1012 2838 (16
1043 2802 1301 2839 Saint-Denis
1331 2801 1394 2848 qui
1425 2811 1601 2836 succom-

198 2863 331 2900 herent
353 2864 374 2899 a.
396 2864 432 2899 la
452 2870 572 2910 peste.
