2060 3345
119 260 222 305 13529]
486 263 690 295 RlCHARDl
720 263 845 295 SGOTI
876 261 1141 295 GHRONIGON.
1472 258 1511 294 17

117 339 293 387 dunum
314 339 563 387 honorifice
587 339 825 402 sepelitur,
849 339 921 386 cui
941 339 1164 403 magister
1183 340 1346 385 Petrus
1367 342 1518 402 Roge-

115 417 169 462 rii
203 434 259 462 ex
289 417 454 464 abbate
480 415 687 462 Fiscanni
715 415 862 462 factus
897 416 1144 479 episcopus
1178 414 1518 463 Attrebatensis

114 493 160 539 in
183 493 582 556 archiepiscopatu
609 492 880 540 successit1.

181 573 259 616 35.
286 598 350 606 —
375 568 653 625 Ludovicus,
679 568 775 615 dux
800 568 1024 624 Baioarie,
1047 569 1240 616 audiens
1261 584 1364 615 esse
1390 584 1517 615 mor-

112 652 245 694 tuum
271 645 438 693 ducem
455 644 639 692 Austrie
659 643 975 699 Fredericum,
997 644 1055 691 de
1075 644 1221 691 Ytalia
1236 644 1284 691 in
1303 644 1517 693 Aleman-

114 723 236 769 niam
263 739 312 769 se
338 721 549 778 retraxit,
580 720 660 768 ubi
687 720 857 768 dicitur
879 720 1108 783 majorum
1138 720 1364 768 nobilium
1388 721 1517 768 auxi—

114 799 226 846 lium
265 798 542 861 impetrasse
583 797 641 844 ad
676 797 781 861 jura
822 796 1007 860 imperii
1050 797 1364 860 procuranda.
1410 800 1517 860 Ipso

112 879 268 922 autem
306 874 352 921 in
380 874 649 922 Alemannia
681 873 937 930 residente,
983 873 1203 937 antipapa
1240 874 1438 922 multum
1468 890 1516 921 se

111 952 265 1015 palam
288 951 533 998 ostendere
554 967 647 998 non
667 950 885 1006 audebat,
910 950 991 998 sed
1010 950 1117 997 hinc
1142 950 1266 1007 inde,
1292 966 1398 998 cum
1422 949 1517 997 suis

111 1028 234 1075 falsis
270 1027 582 1075 cardinalibus
612 1027 849 1091 fratreque
881 1027 1097 1075 Michaele
1128 1027 1333 1091 generali
1366 1043 1516 1090 quon-

110 1104 219 1151 dam
240 1104 437 1152 fratrum
458 1104 710 1159 minorum,
741 1120 848 1151 cum
874 1103 972 1151 aliis
996 1103 1223 1159 latitabat,
1254 1103 1515 1167 eodemque

109 1187 322 1244 tempore
369 1180 616 1228 adducitur
660 1180 886 1228 Avinione
927 1180 1115 1243 quidam
1169 1180 1313 1227 frater
1363 1180 1517 1226 minor

109 1258 294 1305 nomine
334 1261 569 1315 Veranus,
613 1256 671 1304 de
707 1257 949 1305 Provincia
986 1257 1243 1314 oriundus,
1292 1273 1347 1304 eo
1389 1257 1515 1319 quod

109 1341 270 1382 contra
298 1351 468 1397 papam
504 1334 745 1381 dicebatur
778 1335 961 1398 publice
994 1335 1277 1398 predicasse.
1314 1333 1418 1392 Qui,
1457 1333 1515 1380 ad

110 1428 280 1475 papam
306 1411 551 1467 adductus,
583 1411 704 1458 nulla
725 1412 810 1459 sibi
836 1412 953 1459 facta
973 1412 1253 1468 reverentia,
1283 1411 1403 1458 dixit
1429 1411 1514 1458 sibi

109 1488 235 1551 quod
262 1494 361 1535 erat
386 1504 497 1535 vere
528 1504 675 1551 purus
701 1488 932 1536 hereticus
964 1494 1010 1535 et
1043 1505 1135 1535 non
1167 1505 1289 1551 papa
1315 1494 1362 1536 et
1387 1488 1515 1551 quod

107 1581 195 1628 pro
231 1565 316 1611 hac
350 1564 544 1611 veritate
584 1563 880 1611 desiderabat
918 1565 1056 1611 mori.
1098 1568 1162 1612 De
1198 1581 1334 1612 causa
1374 1565 1516 1628 igitur

106 1640 376 1703 requisitus,
401 1640 518 1687 dixit
543 1658 551 1686 :
581 1659 600 1683 (ι
626 1639 739 1698 Quia
758 1645 808 1686 tu
830 1640 1033 1688 destruis
1060 1641 1374 1705 evangelicam
1400 1658 1515 1704 pau-

107 1723 338 1781 pertatem
369 1734 510 1780 quam
543 1717 750 1765 Christus
777 1717 923 1764 verbo
949 1717 1108 1765 docuit
1140 1723 1187 1764 et
1217 1717 1451 1781 exemplo.
1490 1737 1509 1761 »

105 1798 304 1858 Propter
329 1794 455 1857 quod
482 1794 680 1842 verbum
707 1794 939 1851 detentus,
970 1811 1077 1842 cum
1112 1795 1381 1858 quindecim
1412 1795 1513 1842 aliis

107 1871 329 1918 fratribus
353 1871 613 1918 minoribus
631 1871 831 1918 finaliter
850 1888 1036 1918 carcere
1063 1872 1147 1919 fuit
1168 1872 1368 1920 clausus.

174 1950 250 1994 36.
270 1976 333 1983 —
346 1948 460 2010 Cap.
478 1947 685 1995 CLXXII
697 1963 740 1994 a.
757 1948 1087 2011 —Philippus,
1106 1965 1190 1995 rex
1205 1952 1508 2004 Francorum,

106 2024 379 2072 convocavit
398 2024 599 2071 Parisius
621 2041 784 2072 omnes
804 2025 1007 2088 prelatos
1027 2026 1084 2073 de
1106 2042 1253 2090 regno
1275 2042 1418 2089 super
1435 2042 1513 2072 eo-

106 2117 213 2148 rum
239 2101 508 2148 excessibus
536 2102 825 2166 corrigendis
851 2108 897 2149 et
922 2102 1187 2150 officialium
1214 2102 1508 2150 eorumdem.

105 2179 314 2240 Cumque
335 2178 378 2224 in
395 2177 586 2224 consilio
606 2178 816 2241 predicto
830 2179 962 2226 multi
984 2196 1117 2227 casus
1138 2179 1513 2243 producerentur

104 2254 149 2301 in
170 2254 379 2302 medium
398 2260 557 2301 contra
585 2255 789 2318 prelatos
809 2272 867 2303 ex
889 2262 1021 2319 parte
1041 2257 1166 2320 regis
1189 2256 1512 2304 dominorum—

154 2417 185 2452 1.
209 2416 431 2452 Guillaume
452 2415 497 2451 de
519 2416 664 2460 Melun,
682 2416 742 2451 elu
765 2416 1006 2464 archeveque
1027 2416 1071 2451 de
1094 2417 1192 2452 Sens
1214 2428 1262 2453 en
1285 2417 1510 2462 1316,1110u-

105 2482 166 2512 rut,
196 2476 229 2511 le
258 2476 299 2511 27
329 2475 483 2512 octobre
507 2475 596 2511 1329
616 2476 752 2517 (Gallia
782 2477 922 2521 christ„
948 2482 975 2512 t.
1004 2476 1097 2522 XII,
1119 2477 1191 2513 col.
1216 2477 1292 2521 72),
1314 2497 1360 2502 —
1384 2477 1509 2511 pierre

105 2535 247 2581 Roger,
269 2534 364 2570 abbe
385 2534 430 2571 de
452 2535 617 2581 Fecamp
636 2535 769 2581 depuis
789 2536 823 2570 lc
844 2534 887 2571 23
906 2535 991 2582 juin
1015 2536 1118 2581 1326,
1143 2536 1204 2571 elu
1226 2536 1371 2582 eveque
1395 2535 1509 2570 d‘Ar-

106 2604 166 2629 ras
189 2594 222 2629 le
237 2593 472 2630 Qdecemhre
496 2594 599 2639 1328,
622 2594 677 2629 fut
700 2595 852 2630 nomme
874 2595 1114 2642 archevequc
1136 2594 1181 2631 de
1204 2594 1303 2631 Sens
1326 2595 1358 2629 le
1379 2594 1422 2629 24
1446 2605 1510 2628 no-

106 2652 259 2688 vembre
282 2653 370 2689 1329
394 2653 557 2700 (Denitle
578 2659 615 2689 et
636 2653 854 2700 Chatelain,
871 2655 1039 2690 Cliartul.
1065 2655 1226 2690 [Jntvers.
1249 2656 1384 2696 Paris„
1409 2658 1434 2688 t.
1458 2652 1509 2698 ΙΙ,

107 2722 142 2758 p.
165 2711 259 2754 272).

254 2781 267 2811 ¹
1345 2778 1365 2814 :2
