2060 3345
361 331 403 366 (32
735 331 940 363 RICHARDI
967 330 1093 362 SCOTI
1121 330 1386 363 CHRONICON.
1650 326 1751 373 [1344

359 417 567 477 rogatur,
603 418 649 459 et
682 412 727 457 in
759 409 976 457 abbatem
1008 410 1152 458 sancti
1187 410 1391 473 Dyonisii
1427 409 1750 457 confirmatur.

425 492 534 535 450.
575 515 638 523 —
682 489 779 533 Hoc
815 503 955 543 anno,
991 491 1093 533 orta
1124 492 1195 533 est
1229 502 1398 550 guerra
1435 485 1558 532 inter
1595 502 1754 549 regem

355 568 622 629 Aragonum
667 569 711 610 et
765 578 926 626 regem
974 563 1295 626 Majoricarum
1338 579 1425 625 pro
1473 563 1754 625 quibusdam

355 640 632 689 redibenciis
667 656 783 702 quas
819 655 904 686 rex
938 640 1206 703 Aragonum
1247 640 1431 687 dicebat
1468 639 1512 686 in
1557 640 1661 686 villa
1697 639 1754 687 de

353 717 664 780 Parpegniaco
692 733 741 764 se
768 715 956 763 habere.
997 717 1111 763 Cum
1146 732 1259 763 vero
1290 722 1483 763 ventum
1508 715 1670 763 fuisset
1694 715 1754 762 ad

353 794 570 857 prelium,
599 810 684 841 rex
712 793 1033 858 Majoricarum
1065 810 1232 857 campo
1259 794 1520 841 devincitur
1549 799 1596 841 et
1624 793 1756 858 suga-

352 876 444 927 tur,
474 887 620 934 regno
640 871 908 934 pariterque
928 870 1158 933 privatur.

418 948 570 1008 lssl-f.
605 975 669 982 —-
695 947 890 1005 Quidam
926 947 1114 1004 falsarii,
1144 946 1299 1011 magni
1331 946 1465 1011 sigilli
1497 946 1622 1010 regis
1654 946 1754 993 falsi

350 1023 707 1086 compositores,
743 1023 865 1086 capti
889 1023 1092 1070 Parisius
1125 1029 1171 1069 et
1203 1022 1395 1079 detenti,
1427 1023 1547 1069 facto
1575 1022 1754 1085 pulpito

348 1099 518 1162 ligneo,
554 1099 598 1145 in
635 1099 813 1162 campis
834 1099 965 1163 juxta
991 1102 1209 1146 Sanctum
1245 1099 1544 1146 Laurentium
1583 1098 1755 1161 perdu-

349 1181 534 1232 cuntur,
564 1176 660 1232 ubi,
694 1175 863 1239 pugnis
891 1192 1052 1223 eorum
1082 1176 1291 1232 abscisis,
1325 1176 1493 1223 deinde
1528 1175 1662 1222 tracti
1695 1175 1753 1222 ad

350 1251 609 1314 patibulum
635 1251 1007 1314 suspenduntur.

416 1329 526 1376 452.
556 1356 619 1364 —
645 1327 842 1385 Quidam
868 1329 1000 1376 miles
1025 1328 1192 1376 nobilis
1218 1328 1277 1375 de
1301 1328 1471 1376 ducatu
1494 1328 1747 1385 Britannie,

349 1405 558 1453 Oliverus
576 1405 634 1453 de
661 1405 865 1462 Clichon,
890 1405 936 1452 in
962 1410 1008 1453 et
1034 1412 1196 1453 contra
1222 1421 1382 1469 regem
1409 1404 1565 1452 multis
1585 1421 1754 1468 perpe-

346 1482 479 1529 tratis
504 1481 847 1546 proditionibus
878 1487 1138 1538 accusatus,
1168 1481 1226 1529 de
1259 1481 1503 1529 Castelleto
1535 1480 1581 1527 in
1614 1480 1753 1528 Hallis

346 1559 562 1615 traditur,
605 1559 786 1622 ibique,
831 1558 981 1622 capite
1017 1564 1282 1615 truncatus,
1319 1557 1510 1605 demum
1547 1557 1752 1621 patibulo

345 1635 546 1683 Parisius
573 1641 644 1683 est
676 1651 949 1698 suspensus.
988 1634 1127 1699 Cujus
1161 1640 1301 1698 caput
1334 1634 1459 1697 apud
1490 1636 1751 1681 Namnetum

347 1711 581 1759 civitatem
600 1711 646 1758 in
669 1712 920 1768 Britannia,
942 1711 1013 1759 cui
1035 1711 1179 1758 multa
1197 1711 1317 1758 mala
1340 1710 1557 1758 intulerat
1578 1711 1751 1774 ipsam-

348 1805 438 1852 que
464 1787 599 1852 prodi
627 1789 754 1836 nisus
779 1788 947 1845 fuerat,
976 1793 1048 1835 est
1073 1787 1327 1835 delatum1.

414 1866 523 1912 453.
544 1864 753 1912 —Circa
777 1863 904 1911 idem
930 1869 1134 1927 tempus,
1159 1863 1350 1926 quidam
1376 1863 1484 1911 dicti
1510 1863 1752 1911 Tortefon-

345 1940 510 1997 taines,
539 1940 789 2003 complices
821 1939 1017 1987 falsitate
1043 1940 1302 2004 sigillorum
1332 1939 1474 2004 regis,
1503 1940 1751 2003 capiuntur

346 2022 392 2064 et
417 2017 583 2064 eodem
611 2015 754 2063 modo
781 2032 875 2078 quo
902 2016 976 2063 alii
1003 2016 1218 2080 superius
1244 2016 1520 2079 puniuntur.

413 2092 523 2140 454.
552 2120 616 2128 —
635 2092 891 2155 Philippus,
913 2109 997 2140 rex
1020 2095 1225 2139 Navarre
1245 2098 1291 2139 et
1316 2108 1474 2140 comes
1493 2092 1745 2140 Ebroicen-

347 2170 428 2227 sis,
442 2170 486 2217 in
499 2172 746 2218 Garnatam
757 2175 919 2216 contra
933 2171 1213 2217 Sarracenos
1227 2169 1546 2233 proficiscens,
1563 2169 1610 2216 in
1625 2175 1750 2216 terra

346 2262 426 2293 sua
452 2248 656 2293 Navarre
681 2245 881 2293 moritur
906 2251 952 2293 et
979 2245 1103 2310 apud
1129 2245 1464 2310 Pampiloniam
1490 2246 1746 2293 honorifice

348 2321 587 2385 sepelitur.

888 2436 929 2481 M
949 2435 1051 2482 CCC
1068 2437 1219 2485 XLIV.

415 2577 524 2622 455.
569 2601 633 2610 —
679 2575 793 2638 Cap.
852 2575 1147 2624 CLXXXIIII
1188 2592 1232 2624 a.
1285 2604 1350 2612 —
1392 2576 1526 2623 Anno
1568 2575 1748 2624 Domini

347 2652 400 2700 M⁰
427 2651 532 2701 CCC⁰
566 2651 730 2708 XL11110,
773 2651 1003 2701 Johannes
1040 2653 1098 2701 de
1133 2653 1331 2710 Vervin,
1368 2653 1500 2700 miles
1532 2653 1748 2716 superius

400 2802 434 2837 l.
455 2800 509 2836 Cf.
532 2801 694 2837 Grandes
716 2800 951 2845 chroniques,
975 2806 1001 2837 t.
1027 2801 1075 2847 V,
1097 2813 1133 2848 p.
1157 2801 1237 2838 4⁶29.
