2060 3345
316 311 418 357 1362]
542 314 747 346 RICHARDI
776 312 902 346 SCOTI
931 314 1138 347 CHRONICI
1166 315 1473 349 CONTINUATIO.
1647 315 1712 350 153

308 392 541 440 Pontificis
578 389 883 454 procedentes
921 398 967 439 et
999 391 1172 440 diutius
1209 393 1395 450 inclusi,
1431 394 1478 442 in
1511 395 1712 458 aliquem

307 474 461 516 tamen
488 468 547 516 de
579 484 663 516 suo
696 467 889 530 collegio
921 469 1169 517 noluerunt
1199 471 1461 519 consentire
1492 472 1712 535 quoniam

308 545 550 592 ambitiose
574 544 632 591 ad
657 550 880 608 papatum
911 545 1076 609 singuli
1106 547 1398 596 anhelabant.
1426 549 1589 597 Multas
1614 549 1713 597 vias

306 621 630 686 perquirentes
667 620 725 667 ad
763 620 1035 668 electionem
1061 622 1406 682 celebrandam,
1442 625 1632 672 tandem
1665 626 1711 673 in

305 698 533 762 quosdam
560 697 984 761 compromiserunt
1003 698 1081 761 qui
1109 716 1252 747 unum
1278 701 1519 764 eligerent,
1546 702 1711 766 seipsis

304 783 460 823 tamen
478 774 694 830 exclusis,
720 774 842 822 unde
864 775 951 822 hoc
969 792 1079 839 egre
1100 775 1300 824 ferentes
1320 778 1474 841 primo
1494 779 1711 827 abbatem

305 852 457 900 Sancti
484 851 701 899 Germani
726 851 1143 900 Autissiodorensis
1170 859 1215 900 et
1236 871 1358 901 nunc
1382 856 1533 902 Sancti
1558 856 1712 905 Victo-

302 929 368 977 ris
399 928 708 985 Marsiliensis,
745 928 898 975 virum
934 945 1104 993 genere
1142 930 1390 995 insignem,
1429 933 1631 995 peritum
1664 933 1711 980 in

303 1011 503 1068 utroque
528 1005 632 1070 jure
660 1006 731 1053 cui
758 1005 907 1052 inerat
933 1006 1088 1054 suavis
1114 1008 1449 1071 exundansque
1477 1009 1705 1066 facundia,

302 1082 596 1131 Guillelmum
642 1081 894 1129 Grimoaldi
935 1089 1274 1146 nuncupatum,
1312 1084 1370 1131 de
1414 1086 1707 1132 senescallia¹

301 1158 579 1222 Belliquadri
605 1164 779 1214 ortum,
809 1158 855 1205 in
882 1158 1036 1223 vigilia
1065 1160 1264 1208 Simonis
1298 1167 1343 1208 et
1369 1162 1485 1209 Jude
1515 1179 1709 1210 concor-

301 1235 422 1283 diter
449 1235 688 1300 elegerunt
714 1235 793 1298 qui
820 1243 1118 1284 consecratus
1144 1238 1357 1286 Urbanus
1384 1245 1576 1286 vocatus
1603 1240 1704 1286 fuit.

368 1312 478 1360 329.
503 1340 565 1347 —
584 1316 685 1361 Jam
712 1312 799 1359 iter
819 1313 1080 1376 arripuerat
1106 1331 1188 1362 rex
1211 1316 1442 1363 Johannes
1462 1323 1512 1363 ut
1538 1333 1709 1379 papam

300 1389 619 1437 Innocentium
641 1389 738 1453 jam
764 1397 1019 1447 mortuum,
1043 1392 1279 1455 patrinum
1302 1409 1454 1449 suum,
1480 1394 1705 1451 visitaret,

300 1466 346 1512 in
367 1482 460 1529 quo
480 1465 619 1512 etiam
640 1465 803 1512 itinere
831 1465 1019 1514 domina
1045 1467 1269 1525 Johanna,
1292 1469 1450 1532 regina
1471 1470 1704 1532 Neapolis,

299 1543 455 1606 ipsum
482 1542 527 1589 in
551 1542 705 1590 virum
731 1559 897 1606 capere
924 1544 1174 1591 recusavit.
1199 1545 1438 1593 Accedens
1465 1551 1621 1593 autem
1647 1547 1705 1593 ad

299 1635 488 1682 papam,
518 1619 660 1683 [cum]
689 1619 972 1682 aliquamdiu
999 1622 1124 1684 apud
1155 1638 1262 1669 eum
1298 1622 1550 1670 honorifice
1577 1640 1707 1670 man-

299 1697 451 1752 sisset,
488 1696 675 1744 hortatu
712 1703 758 1744 et
795 1698 1050 1745 monitione
1083 1698 1228 1762 ipsius
1260 1699 1358 1762 qui,
1388 1699 1446 1746 ad
1477 1701 1705 1748 honorem

297 1773 405 1820 fidei
437 1773 686 1821 christiane
718 1773 793 1821 die
825 1780 984 1822 sancto
1021 1777 1301 1823 Parasceves
1337 1776 1705 1839 predicationem

297 1851 530 1914 publicam
542 1851 730 1907 faciens,
744 1851 1166 1916 peregrinationem
1181 1853 1536 1901 transmarinam
1549 1854 1705 1901 multis

297 1927 462 1976 mediis
483 1928 846 1985 commendavit,
872 1929 1056 1993 signum
1082 1929 1378 1977 benedictum
1399 1931 1548 1978 crucis
1569 1931 1626 1978 ab
1647 1948 1703 1978 eo

297 2004 598 2052 devotissime
631 2005 826 2068 recepit.
862 2010 1115 2069 Ipsumque
1147 2007 1433 2054 constituens
1467 2007 1704 2054 christiani

297 2082 529 2128 exercitus
549 2082 839 2144 capitaneum
861 2083 1163 2145 principalem
1185 2089 1231 2130 et
1252 2088 1460 2131 statuens
1481 2090 1530 2131 ut
1553 2084 1704 2131 cardi—

296 2158 411 2206 nalis
446 2158 840 2222 Petragoricensis
877 2175 1034 2206 secum
1070 2159 1181 2216 iret,
1220 2176 1379 2224 regem
1418 2160 1558 2224 Cypri
1595 2166 1703 2208 tunc

294 2240 561 2298 presentem
579 2241 623 2281 et
641 2251 804 2282 omnes
819 2235 1171 2284 circumstantes
1188 2237 1424 2300 principes
1439 2243 1483 2284 et
1502 2238 1701 2284 barones

294 2312 426 2377 signo
442 2313 625 2360 vivifice
650 2313 800 2360 crucis
821 2313 1059 2378 insignivit
1079 2315 1205 2378 quod
1225 2320 1270 2362 et
1288 2322 1394 2378 post
1416 2315 1561 2362 multo
1581 2322 1699 2363 tem-

294 2405 410 2451 pore
430 2389 524 2437 suis
546 2390 711 2437 tunicis
737 2392 927 2438 affixum
956 2391 1237 2438 detulerunt.
1262 2394 1362 2449 Quo
1384 2398 1590 2455 peracto,
1616 2409 1701 2439 rex

293 2467 505 2522 Francie,
548 2467 607 2514 ab
657 2467 823 2515 eodem
874 2470 1064 2515 Summo
1113 2468 1334 2516 Pontifice
1380 2469 1699 2516 benedictione

294 2549 497 2607 recepta,
529 2546 767 2592 Franciam
793 2550 1028 2609 repetens,
1056 2561 1216 2610 regem
1243 2546 1381 2610 Cypri
1416 2546 1461 2592 in
1485 2545 1698 2610 Angliam

344 2724 374 2759 1.
398 2724 469 2762 Ms.
493 2729 732 2763 senescalora.
