2060 3345
389 325 410 360 6
760 325 964 358 RIGHARDI
993 323 1119 356 SCOTI
1148 323 1414 356 CHRONICON.
1678 320 1784 367 [1328

388 406 547 453 batum
566 404 881 469 pertransiens
902 418 1068 449 versus
1085 402 1335 450 Cassellum
1358 408 1563 449 castrum
1589 402 1785 449 Flamin-

387 498 554 547 gorum
581 482 669 529 iter
696 479 892 542 arripuit
923 479 1121 541 fixisque
1153 478 1364 525 tentoriis
1390 484 1564 525 terram
1589 478 1786 526 circum-

387 575 571 621 quaque
616 555 931 619 multipliciter
979 555 1254 602 devastavit.
1308 555 1528 618 Flamingi
1583 571 1696 602 vero
1740 556 1785 602 in

387 634 595 682 derisum
620 632 744 696 regis
770 637 815 679 et
839 636 1122 679 Francorum
1148 631 1194 678 in
1215 631 1316 678 loco
1343 631 1547 694 quodam
1566 630 1786 677 eminenti

386 710 556 774 gallum
571 708 822 772 quemdam
836 708 894 756 de
916 708 1004 756 tela
1021 708 1162 755 tincta
1177 708 1520 771 permaximum
1535 711 1787 771 posuerant

386 785 431 831 in
457 801 550 848 quo
572 784 733 848 gallice
760 785 987 848 scriptum
1013 789 1111 831 erat
1135 801 1144 830 :

730 894 862 941 Quant
881 905 923 934 ce
942 905 1009 935 coc
1028 894 1061 934 ci
1083 892 1224 934 chame
1243 904 1312 933 ara

730 959 783 1000 Le
802 959 885 1011 Roy
908 959 1046 999 trouve
1065 970 1110 1011 ca
1129 962 1285 999 enterra
1299 963 1326 998 ⁴¹.

448 1060 578 1109 Unde
597 1059 828 1107 vocabant
849 1076 955 1107 eum
976 1075 1136 1123 regem
1160 1059 1419 1115 inventum,
1443 1057 1569 1120 quod
1589 1057 1787 1105 verbum

384 1137 467 1184 fuit
486 1136 574 1184 illis
594 1136 793 1183 finaliter
809 1136 855 1182 in
876 1136 1058 1183 ruinam
1078 1151 1185 1182 nam
1203 1135 1377 1181 invenit
1397 1151 1477 1181 eos
1498 1134 1629 1181 aliter
1647 1152 1787 1197 quam

383 1213 683 1269 credebant2,
718 1229 863 1275 quum
895 1213 940 1259 in
973 1212 1128 1276 vigilia
1160 1212 1310 1259 Sancti
1338 1211 1650 1258 Bartholomci
1682 1217 1789 1273 post

383 1289 632 1354 prandium
658 1289 873 1353 quamvis
898 1289 961 1335 ita
986 1288 1043 1335 de
1070 1304 1219 1351 prope
1246 1292 1491 1350 caperetur
1510 1288 1632 1351 regis
1655 1304 1788 1335 exer-

383 1367 501 1415 citus
526 1371 571 1413 et
591 1381 674 1413 rex
700 1366 800 1429 ipse
822 1371 871 1413 ut
897 1365 976 1411 vix
1002 1381 1130 1411 arma
1157 1380 1340 1411 sumere
1367 1364 1647 1426 potuissent,
1678 1380 1788 1427 ymo

383 1459 494 1507 rege
520 1442 705 1506 penitus
731 1458 823 1489 non
850 1446 1047 1497 armato,
1069 1440 1345 1487 miraculose
1362 1457 1424 1486 xx
1447 1440 1569 1487 milia
1588 1440 1788 1487 Flamin-

383 1536 550 1584 gorum
577 1519 763 1567 ducenti
788 1519 941 1566 minus
967 1517 1143 1581 pariter
1168 1522 1276 1564 sunt
1296 1516 1492 1564 occisa3.
1526 1520 1590 1564 De
1616 1516 1788 1564 nostris

383 1603 538 1644 autem
563 1595 683 1643 ultra
710 1595 873 1643 decem
897 1600 943 1642 et
969 1600 1150 1657 septem
1175 1609 1282 1640 cum
1307 1592 1561 1657 Reginaldo
1590 1593 1648 1640 de
1675 1597 1783 1649 Lor,

382 1673 543 1728 milite,
578 1672 731 1719 nullus
765 1671 949 1735 penitus
980 1676 1050 1718 est
1081 1670 1277 1717 occisus.
1317 1674 1416 1718 Rex
1450 1669 1603 1731 itaque
1636 1669 1786 1716 omni-

384 1750 471 1797 bus
498 1748 658 1797 audire
679 1748 943 1796 volentibus
968 1749 1054 1795 hec
1079 1747 1262 1795 dicebat
1288 1763 1465 1809 suoque
1494 1747 1619 1794 dicto
1651 1763 1807 1811 cunc-7

383 1832 540 1874 torum
565 1825 795 1873 baronum
821 1832 866 1873 et
892 1825 1053 1888 populi
1077 1824 1302 1872 sententia
1330 1823 1643 1872 concordabat
1662 1825 1788 1887 quod

383 1904 468 1951 hec
493 1903 687 1949 victoria
718 1919 811 1949 non
844 1903 994 1950 fuerat
1029 1902 1086 1949 ab
1118 1902 1305 1948 homine
1337 1901 1419 1949 sed
1451 1919 1476 1948 a
1505 1904 1628 1957 Deo;
1663 1901 1789 1964 posi-

431 2049 464 2084 ¹1.
487 2047 557 2083 Ces
573 2047 672 2084 deux
687 2059 774 2084 vers
790 2052 878 2084 sont
893 2047 1200 2095 identiquement
1216 2047 1430 2095 reproduits
1447 2047 1542 2083 dans
1558 2046 1612 2083 les
1628 2048 1788 2084 Grandes

384 2107 606 2151 Chroniques
629 2111 668 2152 (t.
691 2106 741 2152 V,
763 2117 799 2153 p.
823 2106 921 2152 311);
945 2107 979 2142 le
1001 2106 1282 2144 Continuateur
1303 2107 1347 2142 de
1373 2106 1592 2143 Guillaume
1613 2105 1657 2142 de
1678 2106 1787 2142 Nan-

383 2164 441 2211 gis
461 2164 588 2201 donne
611 2176 685 2201 une
706 2165 827 2201 forme
847 2164 1047 2201 differente
1070 2166 1109 2211 (t.
1132 2165 1183 2211 ΙΙ,
1205 2176 1241 2211 p.
1264 2165 1319 2210 94)
1346 2178 1352 2200 :

693 2259 707 2279 «
733 2246 869 2290 Quand
892 2257 934 2283 ce
956 2257 1025 2293 ch
1047 2247 1186 2282 chante
1207 2258 1314 2293 aura,

690 2305 744 2341 Le
766 2305 852 2352 Roy
873 2304 1003 2341 Cassel
1025 2310 1296 2353 conquestera.
1322 2318 1336 2339 »

432 2387 466 2422 ⁶2.
488 2386 541 2423 Le
562 2386 842 2423 Continuateur
863 2386 907 2422 de
929 2386 1149 2423 Guillaume
1175 2386 1220 2422 de
1248 2386 1396 2433 Nangis
1423 2386 1650 2434 interrompt
1677 2387 1727 2423 ici
1755 2388 1789 2423 le

384 2445 480 2481 recila
500 2444 545 2480 de
567 2445 603 2481 la
624 2456 835 2492 campagne
856 2445 901 2480 de
923 2445 1087 2482 Flandre
1116 2457 1211 2493 pour
1238 2451 1418 2482 raconter
1437 2445 1628 2492 plusieurs
1649 2446 1788 2483 evene-

384 2508 513 2539 ments
530 2503 574 2539 de
595 2503 631 2539 la
650 2504 776 2539 meme
799 2504 923 2539 annee
944 2507 984 2547 (t.
1009 2505 1058 2551 ΙΙ,
1080 2516 1118 2552 p.
1141 2505 1282 2551 95-96);
1305 2505 1359 2540 les
1380 2505 1540 2542 Grandes
1565 2506 1789 2551 Clzronz'ques

385 2574 432 2599 au
467 2562 659 2599 contraire
689 2563 842 2599 suivent
875 2564 909 2599 le
942 2564 1067 2600 meme
1100 2564 1209 2601 ordre
1241 2575 1313 2612 que
1347 2570 1456 2601 notre
1489 2570 1627 2600 auteur
1660 2568 1704 2611 (t.
1738 2566 1786 2611 V,

391 2633 425 2668 p.
448 2621 627 2667 311-319).

434 2680 467 2715 3.
490 2680 542 2716 Le
565 2679 697 2716 chiffre
725 2679 789 2715 des
818 2685 939 2716 morts
960 2686 1018 2716 est
1038 2681 1086 2717 ici
1109 2682 1142 2717 le
1164 2681 1290 2718 meme
1311 2692 1383 2728 que
1404 2681 1499 2716 dans
1521 2681 1554 2716 le
1575 2681 1787 2717 Continua-

387 2743 472 2773 teur
492 2736 538 2773 de
559 2737 777 2773 Guillaume
799 2737 842 2773 de
864 2738 1011 2784 Nangis
1040 2745 1077 2774 ot
1107 2739 1250 2775 semble
1278 2739 1409 2775 devoir
1437 2741 1517 2774 etse
1546 2740 1701 2785 accepte
1722 2740 1784 2782 (cl'.

391 2796 579 2835 Frofssart,
605 2796 663 2832 ecl.
686 2796 804 2835 Luce.
827 2801 852 2831 t.
875 2796 906 2839 Ι,
928 2808 963 2843 p.
987 2809 1066 2839 crs„
1090 2809 1128 2834 n.
1154 2799 1190 2843 13
1217 2799 1531 2842 Chronoqraplzia‚
1556 2805 1582 2833 t.
1605 2798 1655 2843 ΙΙ,
1678 2809 1712 2844 p.
1736 2798 1784 2843 9).
