2060 3345
214 334 318 380 1358]
440 338 646 370 RICHARDI
674 338 800 370 SCOTI
829 337 1036 370 CHRONICI
1065 337 1374 370 CONTINUATIO.
1546 332 1606 368 131

210 417 479 481 gentissime
514 416 726 464 faciebat.
772 418 892 472 Quot
934 417 1162 480 dampna,
1203 422 1319 480 quot
1355 415 1610 470 molestias,

210 500 324 556 quot
361 494 498 540 etiarn
544 492 841 542 necessitates
880 492 925 539 in
964 499 1062 540 toto
1106 494 1182 540 illo
1224 493 1374 556 spatio
1410 491 1612 555 religiosi

209 570 398 617 ecclesie
425 569 636 633 perpessi
656 574 780 625 sunt,
806 569 1011 616 scribere
1031 586 1123 616 non
1147 586 1417 633 possemus3
1442 568 1613 615 scimus

208 652 364 693 tamen
390 645 517 709 quod
550 646 608 693 ad
641 644 851 692 ultimam
876 645 1198 692 necessitatem
1236 645 1502 692 victualium
1540 660 1615 690 re-

208 722 346 778 dacti,
371 723 514 770 coacti
542 727 666 778 sunt,
691 721 749 768 de
774 737 1004 768 consensu
1032 721 1207 768 domini
1228 722 1358 770 ducis
1386 721 1609 786 regentis,

207 800 409 862 quedam
430 799 596 862 jocalia
616 798 935 845 inestimabilis
961 797 1146 846 decoris
1170 799 1393 855 vendere,
1416 815 1474 846 ne
1494 798 1615 845 fame

207 874 603 938 periclitarentur1
616 912 625 922 .

271 957 384 1005 287.
419 956 599 1020 —Ipsi
630 962 784 1004 autem
818 956 916 1020 regi
952 959 1156 1003 Navarre
1186 955 1233 1002 in
1268 955 1391 1003 dicta
1422 955 1614 1002 ecclesia

205 1033 427 1081 residenti
451 1033 749 1089 parisienses,
775 1033 882 1096 quia
908 1033 1002 1080 suis
1022 1049 1162 1096 opem
1183 1049 1275 1080 non
1296 1033 1483 1089 tulerat,
1508 1032 1615 1078 inti-

205 1112 420 1158 marunt?
438 1110 563 1174 quod
584 1110 782 1173 amplius
808 1109 960 1156 eidem
983 1126 1076 1156 non
1103 1109 1350 1157 obedirent
1373 1109 1531 1172 sicque
1555 1109 1613 1155 ab

205 1187 478 1234 auctoritate
499 1187 587 1234 sibi
608 1186 732 1243 data,
760 1187 968 1234 nondum
993 1203 1183 1234 emenso
1210 1186 1353 1234 trium
1380 1185 1611 1233 mensium

205 1264 372 1327 spatio,
393 1264 577 1327 penitus
598 1263 924 1310 destituerunt.
946 1263 1077 1311 Unde
1097 1263 1274 1326 Anglici
1293 1269 1339 1310 et
1355 1267 1614 1310 Navarren-

205 1357 297 1397 ses,
321 1340 636 1405 indignatione
657 1339 897 1396 commoti,
920 1339 1077 1386 villam
1096 1339 1402 1387 parisiensem
1423 1346 1469 1386 et
1489 1338 1615 1402 adja-

205 1421 387 1463 centem
424 1416 623 1479 patriam
660 1421 885 1479 ceperunt
923 1415 1158 1463 crudelius
1200 1416 1336 1463 solito
1373 1415 1610 1470 infestare,

206 1492 378 1555 ubique
400 1493 528 1540 viros
553 1499 768 1556 repertos
787 1492 846 1540 ad
864 1493 1239 1556 redemptionem
1264 1492 1610 1555 importabilem

204 1575 442 1633 cogentes,
472 1586 590 1633 quos
616 1569 755 1617 etiam
782 1576 850 1616 tot
874 1576 920 1616 et
953 1570 1091 1616 tantis
1121 1569 1383 1616 afficiebant
1409 1575 1615 1628 tormen-

204 1645 263 1692 tis
288 1645 414 1708 quod
441 1646 735 1709 tyrannidem
761 1646 1105 1694 Sarracenicam
1130 1645 1434 1693 excedebant.

268 1729 381 1776 288.
429 1756 492 1763 —-
536 1728 655 1790 Reye
700 1727 905 1775 Navarra
951 1735 1124 1791 spreto,
1172 1728 1287 1774 villa
1332 1728 1613 1774 Parmensis

204 1804 379 1851 domino
400 1804 505 1851 duci
521 1805 747 1852 redditur.
766 1832 830 1840 —
849 1804 943 1851 Sub
961 1804 1124 1850 eadem
1144 1809 1441 1867 tempestate,
1463 1803 1614 1851 domi-

204 1897 290 1928 nus
307 1881 404 1928 dux
418 1897 586 1946 regens
607 1898 823 1946 regnum,
847 1881 1012 1929 videns
1033 1881 1332 1929 famosiorem
1349 1881 1482 1945 regni
1502 1881 1613 1928 civi-

203 1964 346 2005 tatem
372 1963 533 2005 contra
562 1974 612 2006 se
638 1958 774 2005 velud
799 1958 843 2005 in
871 1959 1055 2006 hostem
1075 1958 1314 2021 publicum
1340 1957 1609 2014 rebellasse,

203 2034 361 2081 hostes
386 2035 518 2098 regni
544 2040 706 2082 contra
732 2051 781 2082 se
806 2035 853 2082 in
878 2036 947 2082 sui
974 2035 1195 2082 auxilium
1219 2051 1455 2092 evocasse,
1487 2034 1615 2080 inva-

203 2127 454 2174 soremque
474 2111 606 2175 regni
626 2127 768 2174 super
791 2128 840 2158 se
861 2112 1095 2169 statuisse,
1119 2111 1257 2159 velud
1279 2111 1422 2158 rebus
1446 2110 1616 2174 despe-

202 2187 317 2235 ratis
356 2204 405 2235 se
442 2194 665 2250 tanquam
701 2188 886 2235 exulem
926 2189 1244 2252 proscriptum
1277 2188 1531 2236 transferre
1567 2188 1612 2234 in

203 2264 527 2327 Delphinatum
553 2264 778 2312 decrevit.
807 2267 866 2312 At
897 2271 1053 2313 tamen
1079 2282 1134 2313 eo
1161 2266 1268 2313 talia
1300 2266 1533 2330 cogitante
1568 2271 1614 2311 et

203 2341 289 2389 hac
324 2347 461 2389 nocte
492 2359 583 2404 qua
625 2341 832 2390 vehicula
867 2349 1059 2390 onerata
1095 2343 1249 2406 preire
1284 2344 1609 2407 preceperat&

253 2497 284 2530 1.
308 2496 341 2531 Il
361 2502 417 2532 est
432 2495 454 2531 a.
474 2495 587 2542 peine
608 2495 742 2531 besoiu
763 2495 808 2531 de
830 2495 922 2532 faire
944 2506 1169 2542 remarquer
1190 2495 1369 2532 combien
1391 2506 1433 2531 ce
1454 2505 1613 2541 passage

205 2566 348 2601 prouve
369 2565 462 2590 avec
482 2554 666 2591 evidence
688 2554 860 2602 Forigiue
875 2554 1130 2601 dyonisiennc
1145 2554 1191 2591 dc
1207 2560 1306 2591 cette
1328 2554 1505 2590 derniere
1526 2564 1612 2599 pai·-

206 2613 260 2649 tie
279 2614 326 2649 de
348 2619 457 2650 notre
479 2614 706 2661 chronique.

254 2672 289 2708 2.
312 2672 384 2708 Ms.
408 2675 641 2709 intimarent.

256 2732 289 2767 3.
312 2732 431 2768 Notre
452 2738 589 2768 auteur
610 2732 755 2768 semble
777 2734 856 2768 etre
880 2732 911 2768 le
935 2733 1016 2768 seul
1038 2732 1059 2768 ἐι
1078 2732 1328 2769 mentionner
1348 2737 1447 2768 cette
1469 2732 1609 2767 resolu—

209 2790 290 2827 tion
310 2790 411 2837 prise
431 2802 499 2838 par
520 2792 553 2827 le
575 2791 747 2838 dauphin
768 2791 812 2827 dc
835 2802 874 2828 se
897 2791 1034 2828 retirer
1053 2791 1097 2828 de
1120 2792 1155 2826 la
1175 2792 1283 2827 lutte.
