2060 3345
410 322 475 357 16ss
645 322 846 354 RlCHARDI
876 320 1001 352 SCOTI
1028 319 1233 351 CHRONICI
1264 319 1570 351 CONTINUATIO.
1694 315 1798 362 [1364

406 402 607 449 Tandem
646 407 795 446 tamen
832 397 1055 454 attcdiati,
1094 398 1217 461 quod
1250 398 1336 445 sub
1370 397 1522 462 gladio
1558 398 1796 462 degentes,

406 495 511 526 cum
552 477 755 538 dampno
789 474 993 522 maximo
1027 479 1076 521 et
1104 491 1196 522 non
1228 474 1347 522 sine¹
1388 474 1670 531 discrimine,
1707 476 1800 522 vic-

405 560 503 600 tum
525 550 805 598 cotidianum
831 566 995 612 rapere
1020 550 1316 613 opportebat,
1347 550 1459 612 ipsis
1481 550 1796 612 poscentibus,

403 632 685 675 Bertrannus
730 625 965 672 consensit
1004 630 1054 672 ut
1098 625 1215 671 infra
1256 629 1437 672 certum
1480 625 1628 681 diem,
1675 625 1801 673 salva

404 704 511 759 vita,
542 702 829 758 recederent,
867 707 912 749 et
936 707 1045 748 tunc
1078 702 1243 749 turrim
1277 701 1480 749 funditus
1512 702 1666 749 Gallici
1696 702 1801 749 des-

404 780 695 827 truxerunt2.

468 856 578 903 346.
618 882 682 890 —
723 856 836 903 Cum
874 854 1088 902 dominus
1127 854 1352 911 Karolus,
1395 854 1491 902 dux
1534 855 1796 912 Normanie,

403 931 673 994 acquisitam
707 930 905 994 patriam
936 931 1160 986 visitaret,
1186 937 1367 993 patrem
1399 931 1568 977 obiisse
1604 931 1797 987 audivit,

401 1009 495 1071 qui,
527 1007 634 1054 inde
666 1006 827 1054 dolore
853 1013 1044 1064 tractus,
1077 1007 1199 1054 misit
1235 1007 1313 1069 qui
1347 1007 1501 1070 regale
1536 1007 1800 1069 depositum

400 1085 497 1149 regi
523 1084 683 1147 Anglie
711 1083 1017 1146 deposcerent
1043 1084 1120 1146 qui
1147 1090 1258 1131 tunc
1289 1083 1410 1130 circa
1443 1083 1673 1130 funerales
1703 1084 1801 1147 ejus

400 1160 620 1223 exequias
655 1165 753 1206 erat
792 1160 1038 1207 affectuose
1080 1160 1299 1207 intentus.
1344 1161 1458 1207 Cum
1496 1160 1801 1208 amaritudine

400 1237 571 1293 cordis,
599 1253 683 1283 rex
706 1237 865 1299 Anglie
886 1243 933 1283 et
949 1236 1080 1300 regni
1102 1236 1277 1283 nobiles
1298 1252 1439 1298 super
1459 1243 1659 1283 mortem
1678 1237 1803 1300 regis

399 1312 622 1360 ¹Iohannis
643 1311 909 1368 dolebant3,
936 1311 1187 1374 assumptis
1212 1327 1300 1374 pro
1321 1328 1375 1358 eo
1401 1311 1676 1375 lugubribus
1698 1328 1801 1358 ves—

400 1388 622 1444 timentis,
660 1393 723 1442 et,
758 1393 807 1434 ut
839 1404 949 1433 vera
979 1387 1201 1434 relatione
1235 1386 1522 1443 didiscimus,
1557 1403 1725 1449 parum
1756 1393 1802 1434 et

401 1464 636 1511 modicum
670 1463 972 1511 sollennitatis
997 1463 1043 1510 in
1069 1464 1257 1510 Francia
1287 1464 1385 1510 fieri
1418 1464 1695 1526 reputabant
1721 1463 1801 1526 qui

399 1548 508 1588 tunc
528 1546 770 1604 presentes
789 1540 994 1596 fuerunt,
1019 1545 1232 1603 respectu
1252 1539 1441 1587 honoris
1458 1545 1504 1586 et
1521 1539 1686 1587 diffuse
1712 1540 1801 1586 lar-

399 1618 553 1681 gitatis
569 1633 685 1680 quas
705 1617 765 1664 illi
787 1618 906 1664 circa
928 1617 1052 1680 regis
1072 1617 1232 1663 funera
1254 1617 1580 1680 peregerunt&
1599 1617 1801 1663 Peractis

398 1710 511 1740 vero
534 1693 760 1755 exequiis,
780 1709 885 1739 cum
905 1691 1085 1755 regium
1108 1691 1317 1755 [corpus]
1343 1691 1494 1737 nuncii
1514 1691 1800 1753 recepissent

399 1777 444 1816 et
464 1771 507 1816 in
529 1770 770 1816 Franciam
790 1769 1082 1824 attullissent,
1105 1767 1217 1815 illud
1244 1768 1322 1813 filii
1344 1772 1390 1813 et
1410 1767 1541 1830 regni
1566 1767 1668 1831 (sic)
1693 1785 1799 1815 cum

399 1846 688 1893 sollennitate
721 1845 912 1892 funerali
947 1845 992 1891 in
1024 1844 1213 1891 ecclesia
1244 1844 1395 1891 Sancti
1422 1844 1624 1907 Dyonisii
1652 1861 1799 1907 prope

400 1923 547 1986 majus
576 1923 717 1969 altare
749 1921 933 1985 sepeliri
966 1921 1191 1968 fecerunt.
1217 1923 1315 1967 Non
1343 1925 1413 1967 est
1440 1926 1593 1967 tamen
1622 1926 1800 1984 preter-

448 2084 479 2117 l.
506 2083 577 2117 Ms.
600 2085 673 2118 sul.

445 2140 478 2175 2.
504 2139 663 2186 D'apres
683 2139 782 2175 Jean
803 2139 848 2174 de
870 2138 1051 2184 Venette,
1080 2138 1296 2175 Rolleboise
1324 2148 1363 2174 se
1392 2138 1530 2183 rendit,
1559 2144 1800 2185 moyennant

400 2197 592 2234 certaines
614 2197 846 2242 condamus,
868 2198 903 2232 le
921 2198 961 2233 13
984 2197 1080 2232 avril
1099 2197 1185 2233 1365
1208 2196 1500 2243 (Continuateur
1519 2196 1564 2232 de
1579 2196 1799 2232 Guillaume

401 2255 445 2291 de
466 2255 628 2301 Nangis,
649 2261 677 2291 t.
699 2254 751 2300 ΙΙ,
772 2266 807 2302 p.
833 2255 926 2299 357).

448 2314 481 2349 3.
505 2314 577 2350 Ms.
600 2315 751 2349 dolebat.

448 2374 481 2408 4.
504 2373 559 2408 La
580 2373 756 2408 nouvelle
784 2373 828 2408 de
856 2373 891 2408 la
918 2378 1018 2408 mort
1037 2372 1083 2408 de
1105 2373 1205 2407 Jean
1226 2373 1260 2409 le
1288 2373 1371 2408 Bon
1398 2383 1446 2408 ne
1474 2372 1626 2418 parvint
1646 2372 1667 2406 a
1690 2371 1797 2407 Paris

401 2443 473 2479 que
501 2433 534 2467 le
564 2433 604 2468 16
633 2432 750 2477 avril,
779 2443 927 2468 comme
956 2431 1138 2479 l'indique
1165 2432 1198 2468 le
1224 2443 1384 2478 passage
1412 2431 1595 2467 suivant:
1623 2444 1637 2463 «
1660 2430 1798 2466 Obitus

403 2490 502 2536 regis
522 2489 713 2525 Johannis
736 2490 775 2524 in
796 2489 940 2535 Anglia
962 2499 1042 2525 vma
1070 2489 1128 2524 die
1151 2489 1279 2535 aprilis
1306 2495 1390 2535 post
1411 2489 1561 2524 Pascha
1587 2498 1688 2523 anno
1710 2488 1797 2523 mil-

402 2548 535 2583 lesimo
556 2556 636 2583 ccco
652 2556 769 2583 anno
783 2553 819 2583 et
835 2548 970 2583 modus
985 2548 1049 2595 qui
1066 2553 1159 2584 tunc
1175 2547 1244 2583 fuit
1259 2553 1388 2583 tentus
1406 2547 1506 2583 inter
1520 2554 1652 2593 gentes
1668 2546 1798 2593 magni

401 2607 554 2643 consilii
576 2607 811 2643 Parlamenti
832 2612 869 2642 et
890 2617 1042 2642 camere
1071 2612 1335 2654 compotorum
1356 2611 1393 2641 et
1414 2611 1630 2641 ceterorum
1651 2606 1798 2642 officia-

404 2666 559 2701 riorum.
574 2666 622 2702 Et
635 2670 825 2702 venerunt
844 2677 943 2702 nova
958 2666 1128 2702 Parisius
1143 2674 1222 2702 xwa
1238 2665 1410 2712 ejusdem
1424 2665 1569 2701 mensis
1588 2678 1602 2698 »
1622 2666 1796 2706 (Extraits

402 2725 460 2759 des
485 2725 714 2760 Me‘morz'auoe
740 2725 782 2759 de
806 2726 841 2759 la
869 2725 1044 2760 (mambre
1064 2726 1121 2760 des
1143 2728 1307 2769 comples.
1339 2723 1436 2758 Bibl.
1461 2728 1557 2768 nat„
1581 2723 1645 2758 lat.
1670 2722 1796 2769 5991A,

404 2782 466 2817 fol.
489 2783 539 2826 9).
