2060 3345
363 321 404 357 88
598 325 800 357 RICIIARDI
830 322 957 355 SCOTI
986 321 1193 354 CHRONICI
1219 321 1526 355 CONTINUATIO.
1650 320 1754 368 [1350

425 406 535 453 208.
566 432 628 439 —
654 403 719 450 De
753 408 893 449 morte
928 400 1133 464 Philippi
1165 403 1286 464 reqis
1321 401 1530 448 Francia.
1559 430 1622 437 —
1652 403 1754 450 Phi-

359 479 529 542 lippus,
566 495 648 525 rex
679 481 981 533 Francorum,
1010 483 1130 525 XXIIa
1161 477 1234 524 die
1262 477 1443 540 augusti
1474 493 1594 523 anno
1620 478 1754 525 etatis

358 572 438 602 sue
469 569 562 611 LXI,
593 554 721 617 regni
756 570 869 600 vero
901 567 1035 601 XXIIII
1065 553 1189 615 apud
1221 556 1511 616 Nongentum
1541 559 1754 601 mortuus

356 636 425 678 est
450 636 494 678 ct
514 631 557 676 in
577 629 764 677 ecclesia
786 629 905 676 beati
924 629 1127 693 Dyonisii
1155 630 1362 692 sepultus
1382 634 1469 684 est,
1491 634 1754 692 postquem

354 707 599 762 Johannes,
636 706 731 753 dux
768 705 1065 761 Normannie,
1103 705 1223 752 filius
1259 706 1357 769 ejus
1394 705 1748 769 primogenitus,

353 782 606 846 regnavit&
631 782 732 838 Qui,
757 787 863 844 post
883 781 1230 829 coronationem
1252 798 1399 838 suam,
1418 781 1604 828 rediens
1627 782 1753 829 Pari-

353 859 462 913 sius,
488 857 729 904 dominum
749 857 1061 920 Radulphum,
1089 858 1307 905 comitem
1330 858 1387 905 de
1413 857 1587 913 Guinis,
1611 861 1753 905 Fran-

351 933 420 980 cie
455 933 900 989 comestabularium,
940 941 1134 997 propter
1169 934 1395 996 quasdam
1432 934 1750 996 proditiones2

350 1010 407 1056 ab
428 1025 483 1056 eo
504 1015 811 1073 perpetratas,
835 1010 880 1056 in
902 1009 1043 1056 domo
1067 1010 1193 1074 regia
1218 1010 1275 1056 de
1294 1010 1483 1073 Nigella,
1507 1010 1612 1073 ipso
1637 1026 1748 1074 rege

349 1086 580 1133 residente
607 1086 653 1131 in
682 1085 873 1148 pallacio
905 1086 1052 1150 regio,
1083 1086 1297 1133 decollari
1331 1086 1538 1149 precepit
1564 1086 1610 1132 in
1642 1102 1752 1148 pre-

350 1163 494 1209 sentia
516 1162 720 1225 plurium
746 1163 935 1209 Francie
959 1168 1284 1226 magnatorum
1305 1163 1408 1226 (sic)
1437 1168 1483 1209 et
1508 1168 1647 1225 caput
1669 1162 1750 1209 ab-

350 1240 519 1287 cissum
544 1238 602 1285 de
633 1239 783 1285 altiori
816 1244 945 1286 turre
981 1239 1149 1286 domus
1174 1239 1219 1285 in
1247 1241 1495 1286 Seccanam
1528 1238 1673 1301 proici
1699 1244 1750 1286 ut

349 1315 413 1361 sic
439 1320 593 1361 certus
619 1320 739 1361 esset
766 1314 824 1361 de
856 1313 1031 1377 justitia
1068 1313 1346 1376 completass.
1383 1317 1481 1371 Quo
1517 1314 1581 1361 sic
1617 1314 1748 1378 igno-

349 1391 527 1438 minose
543 1396 747 1447 mortuo,
763 1390 1005 1437 dominum
1023 1390 1243 1437 Karolum
1255 1390 1312 1437 de
1326 1393 1364 1436 H
1370 1390 1576 1453 yspania,
1595 1390 1749 1437 virum

351 1467 610 1531 approbate
636 1468 812 1524 militie,
842 1467 1259 1514 comestabularium
1288 1467 1537 1514 ordinavit.

413 1550 524 1597 209.
542 1578 605 1585 —
621 1550 797 1612 Anglici
817 1551 864 1596 in
885 1550 1104 1597 comitatu
1123 1549 1396 1597 Santonensi
1418 1555 1579 1596 contra
1600 1549 1748 1596 domi-

349 1643 459 1674 num
503 1627 761 1675 Guidonem
801 1626 859 1674 de
898 1626 1070 1690 Nigella
1116 1626 1437 1674 marescallum
1474 1626 1664 1673 Francie
1703 1632 1749 1673 et

349 1703 606 1751 Guidonem
628 1704 816 1750 fratrem
837 1702 953 1766 ejus,
979 1702 1218 1749 dominum
1245 1719 1432 1764 quoque
1456 1702 1746 1764 Arnulphum

346 1778 653 1825 Daudenehan
697 1795 750 1824 ac
793 1778 1004 1825 nonullos
1047 1778 1160 1824 alios
1200 1777 1509 1841 Francigenas
1553 1777 1747 1824 feliciter

346 1858 669 1917 pugnaverunt
694 1869 747 1900 ac
778 1853 1114 1916 redemptionis
1147 1853 1371 1899 miserum
1392 1852 1558 1916 jugum
1589 1852 1746 1900 subire

348 1930 647 1993 coegerunt4.

410 2012 521 2059 240.
556 2039 614 2046 —
641 2011 761 2059 Obiit
792 2011 1008 2059 dominus
1035 2011 1184 2059 Guido
1210 2010 1268 2058 de
1295 2010 1486 2066 Castris,
1508 2010 1745 2072 quondam

343 2088 488 2136 abbas
508 2088 651 2135 sancti
674 2088 894 2151 Dyonisii,
917 2088 995 2151 qui
1019 2104 1171 2150 nuper
1190 2087 1375 2135 abbatie
1401 2087 1747 2134 renuntiaverat

393 2251 424 2285 1.
447 2249 607 2296 D’apres
640 2250 693 2285 les
726 2250 886 2286 Grandes
921 2251 1163 2295 Chroniques,
1194 2249 1370 2296 Philippo
1398 2250 1452 2285 VI
1478 2254 1633 2286 mourut
1667 2261 1745 2286 non

344 2308 379 2344 le
399 2308 458 2351 2⁶2,
480 2308 577 2343 mais
599 2309 633 2343 le
654 2308 859 2344 dimanche
880 2309 924 2345 23
946 2310 1036 2344 aout
1056 2310 1095 2350 (t.
1120 2308 1170 2354 V,
1191 2320 1226 2354 p.
1249 2308 1343 2348 495).

392 2367 427 2402 Q.
451 2367 523 2402 Ms.
543 2368 782 2412 perdiciones.

391 2423 424 2460 3.
448 2425 603 2472 D'apres
637 2425 690 2461 les
723 2426 883 2462 Grandes
919 2427 1154 2470 Chronz'ques‚
1186 2425 1324 2471 Raoul,
1355 2430 1477 2461 comte
1506 2425 1600 2461 d’Eu
1630 2431 1668 2462 et
1700 2426 1745 2462 de

344 2484 506 2530 Guines,
527 2485 750 2520 connetable
771 2485 816 2521 de
838 2485 993 2531 France,
1016 2486 1073 2521 fut
1093 2485 1212 2521 arrete
1233 2485 1266 2520 le
1289 2485 1332 2521 16
1352 2484 1556 2521 novembre
1576 2490 1613 2521 et
1633 2485 1745 2522 deca-

345 2543 424 2589 pite
446 2543 479 2579 le
501 2544 543 2579 18
564 2543 605 2584 (t.
629 2543 697 2587 VI,
720 2555 754 2590 p.
780 2544 826 2588 4).

392 2603 425 2637 4.
450 2603 501 2638 Le
522 2602 671 2638 combat
692 2608 757 2637 eut
778 2602 855 2637 lieu
878 2602 911 2637 le
927 2603 978 2637 16Γ
993 2601 1085 2637 avril
1109 2602 1211 2648 1351,
1228 2602 1372 2648 d'apres
1392 2602 1445 2637 les
1460 2603 1620 2638 Grandes
1637 2604 1745 2639 Chro-

346 2664 482 2705 m'ques‚
507 2661 540 2695 le
559 2662 578 2696 8
600 2660 709 2705 avril,
731 2660 875 2706 d’apres
906 2660 1045 2696 Robert
1073 2660 1324 2707 (FAvesbury.
1351 2661 1400 2695 Le
1421 2660 1516 2696 frere
1537 2660 1582 2696 de
1602 2661 1678 2696 Gui
1700 2661 1745 2696 de

346 2719 460 2755 Nesle
489 2719 581 2755 etait
606 2718 826 2755 Guillaume
854 2719 900 2754 de
929 2718 1056 2764 Nesle,
1078 2718 1223 2765 d’apres
1253 2719 1306 2755 les
1337 2720 1497 2755 Grandes
1520 2721 1744 2765 Chroniques

347 2784 387 2821 (t.
412 2779 481 2825 VI,
504 2790 538 2826 p.
562 2779 610 2823 4).
