2060 3345
339 321 379 356 74
575 324 779 356 RICHARDI
808 322 934 354 SCOTI
963 322 1168 354 CHRONICI
1198 322 1503 354 CONTINUATIO.
1631 321 1735 366 [1345

337 405 623 453 voluntatem
661 402 943 466 principum,
984 401 1205 450 invadere
1243 402 1401 449 statuit
1438 401 1643 449 indilate,
1684 406 1733 450 In

336 499 490 546 pugne
533 480 685 536 initio,
726 483 982 527 Januanses
1028 478 1249 525 balistarii
1287 478 1347 525 ob
1387 478 1736 526 inundationem

336 557 489 622 pluvie
519 562 716 603 tractum
745 555 916 602 habere
942 554 1211 617 nequibant,
1241 571 1347 601 cum
1374 554 1515 601 corde
1542 554 1735 602 nimium

335 634 544 681 restricte
581 637 763 687 essent,
803 630 930 693 quod
967 631 1177 678 videntes
1217 630 1368 678 Gallici
1409 636 1455 677 et
1492 631 1736 679 credentes

335 709 460 773 quod
492 709 579 755 hoc
609 707 842 754 maliciose
872 707 1074 754 facerent
1099 707 1144 753 in
1172 707 1381 753 favorem
1406 706 1625 763 hostium,
1655 724 1737 755 eos

333 787 457 833 velut
484 784 750 848 proditores
776 784 984 831 notorios
1011 783 1297 839 occiderunt,
1322 790 1368 830 et
1387 783 1495 831 inde
1518 783 1737 831 adversa-

333 863 386 908 rii
417 860 675 908 audiciores
709 861 812 924 (sie)
852 866 958 908 sunt
992 860 1161 916 effecti,
1198 860 1387 907 sceleste
1419 860 1594 908 facinus
1628 877 1737 908 exe-

333 942 532 984 crantes.
562 936 713 983 Prelio
747 942 902 983 autem
935 935 1203 992 commisso,
1233 951 1340 983 cum
1366 935 1556 982 confuse
1583 936 1736 982 omnia

332 1017 596 1077 agerentur,
613 1028 713 1068 rex,
730 1012 836 1076 fuga
854 1012 1028 1074 lapsus,
1044 1011 1235 1058 evasit¹.
1254 1011 1408 1058 Gallici
1423 1011 1533 1058 victi
1552 1011 1738 1058 fuerunt

332 1094 379 1136 et
416 1089 660 1135 inhoneste
697 1088 881 1135 tractati
915 1088 972 1135 ab
1008 1088 1243 1144 hostibus,
1283 1087 1410 1150 quod
1448 1088 1737 1135 ordinatione

331 1165 485 1212 divina
516 1164 749 1211 credimus
783 1170 893 1211 tunc
928 1164 1167 1220 accidisse,
1198 1171 1248 1211 ut
1281 1180 1444 1211 eorum
1476 1164 1738 1211 humiliaret

332 1241 599 1304 superbiam
624 1246 671 1287 et
693 1240 1023 1288 dissolutiones
1048 1241 1322 1304 corrigeret,
1346 1240 1392 1287 in
1420 1240 1590 1304 quibus
1616 1247 1738 1288 cete—

332 1335 408 1365 ras
443 1318 652 1364 nationes
689 1317 991 1380 superabant.
1030 1320 1079 1364 In
1112 1318 1201 1364 hoc
1233 1316 1433 1364 infausto
1465 1317 1733 1373 certamine,

332 1394 528 1457 preclari
561 1394 754 1441 comites
787 1393 845 1440 de
874 1393 1138 1449 Alenconie,
1170 1393 1313 1440 frater
1338 1393 1479 1457 regis,
1510 1394 1738 1441 Blesensis

332 1471 487 1526 etiam,
524 1487 669 1533 nepos
700 1470 815 1534 ejus,
845 1469 1058 1517 Flandrie
1091 1486 1278 1532 quoque
1309 1469 1570 1517 Ludovicus
1602 1486 1738 1518 occu-

331 1547 534 1595 buerunt
566 1546 731 1611 gladiis
757 1546 1058 1610 Anglicorum
1091 1562 1198 1594 cum
1229 1546 1476 1593 comitibus
1508 1546 1647 1593 etiam
1679 1546 1738 1593 de

331 1624 585 1680 Haricuria‚
603 1623 1014 1679 Autissiodorensi,
1036 1623 1095 1669 de
1113 1625 1350 1678 samnes2,
1374 1623 1579 1686 insignes
1596 1623 1738 1671 duces

331 1700 592 1764 Lotaringie
636 1706 681 1747 et
723 1701 781 1747 de
822 1703 942 1758 Baro
986 1699 1111 1747 diem
1156 1700 1370 1747 ultimum
1416 1699 1733 1762 signaverunt.

332 1776 519 1824 Occisus
554 1782 625 1823 est
656 1775 795 1823 etiam
829 1792 935 1823 cum
969 1776 1209 1839 predictis,
1239 1775 1423 1822 fortiter
1450 1775 1732 1831 dimicandO,

332 1870 416 1899 rex
441 1853 626 1900 Boemie
652 1853 900 1907 Johannes,
931 1852 1122 1899 naturali
1160 1851 1330 1898 lumine
1361 1857 1474 1898 tunc
1502 1852 1732 1914 privatus,

331 1929 460 1993 cujus
484 1928 625 1976 filiam
648 1929 879 1978 Johannes
903 1928 997 1976 dux
1018 1928 1298 1975 Normannie
1325 1927 1523 1975 duxerat
1549 1928 1593 1974 in
1622 1944 1738 1975 uxo-

332 2022 448 2052 rem.
487 2008 585 2052 Rex
623 2011 778 2052 autem
814 2005 1020 2061 Francie,
1055 2004 1244 2052 indutus
1277 2002 1566 2059 confusione,
1601 2004 1738 2051 rediit

331 2081 549 2129 Parisius.
573 2110 636 2117 -—
656 2082 896 2146 Flamingi,
928 2097 1091 2129 eorum
1118 2080 1287 2128 comite
1318 2080 1562 2143 [mortuo],
1592 2080 1738 2127 filium

333 2174 468 2205 suum
492 2157 777 2205 Ludovicum
810 2157 856 2204 in
885 2157 1128 2204 dominum
1160 2163 1456 2220 receperunt.
1486 2184 1550 2192 —
1575 2156 1737 2221 Anglie

334 2250 447 2282 vero
480 2250 563 2281 rex
595 2233 862 2290 EduardUS‚
899 2234 1087 2281 obtenta
1119 2233 1337 2290 victoria,
1373 2239 1478 2280 ante
1510 2233 1736 2281 Calesium

382 2382 414 2416 1.
439 2381 492 2416 La
513 2382 815 2426 Chronoslraphz‘a
837 2385 894 2416 est
915 2380 1019 2416 aussi
1042 2380 1269 2416 affirmative
1291 2391 1364 2427 que
1382 2385 1492 2415 notre
1513 2384 1650 2415 auteur
1671 2390 1737 2416 sur

334 2440 370 2475 la
391 2439 484 2475 suite
504 2439 549 2475 de
572 2439 747 2485 Philippe
770 2439 825 2474 VI
846 2439 866 2474 a
887 2438 1007 2486 Crecy
1027 2440 1069 2480 (t.
1089 2439 1141 2482 Π,
1162 2450 1197 2486 p.
1220 2439 1316 2482 233).
1340 2438 1396 2474 Cf.
1419 2439 1468 2474 H.
1493 2439 1736 2483 Moranville,

334 2500 499 2543 Philippo
520 2499 561 2533 VI
574 2499 596 2533 ὰ
609 2501 646 2533 la
660 2499 808 2533 bataille
821 2499 862 2532 dc
879 2499 1000 2543 Greicy,
1019 2497 1114 2533 dans
1130 2498 1166 2533 la
1181 2498 1270 2533 Bibl.
1292 2499 1333 2533 de
1354 2489 1481 2533 l'E'cole
1501 2499 1559 2532 des
1579 2499 1734 2540 chartas,

335 2557 460 2592 annee
483 2557 588 2602 1889,
610 2568 645 2603 p.
668 2557 752 2592 295.

381 2617 414 2651 Q.
441 2629 454 2647 «
481 2616 532 2650 Le
553 2620 666 2650 conte
687 2615 731 2649 de
755 2614 932 2650 Samines
957 2629 970 2648 »
998 2616 1170 2659 (Grandes
1194 2616 1428 2660 Chroniques,
1452 2619 1480 2650 t.
1505 2615 1553 2660 V,
1576 2626 1610 2661 p.
1634 2615 1734 2657 46⁶2st

338 2688 352 2706 «
377 2675 409 2709 le
431 2678 555 2709 comte
575 2673 619 2709 de
642 2673 805 2708 Saumes
822 2687 836 2706 »
858 2673 990 2718 (Gilles
1006 2673 1030 2708 li
1046 2673 1196 2718 Muisis,
1214 2685 1249 2720 p.
1266 2673 1366 2717 246>;
1385 2673 1410 2708 il
1427 2673 1537 2719 s'agit
1560 2674 1638 2708 tres
1655 2684 1735 2719 pro-

336 2732 556 2767 hablement
576 2731 640 2776 ici,
662 2742 811 2766 comme
838 2731 932 2766 l'ont
953 2732 1115 2778 suppose
1142 2731 1197 2768 les
1219 2731 1386 2767 esliteurs
1406 2731 1451 2767 de
1473 2731 1509 2766 la
1531 2732 1738 2776 Chronique

341 2792 542 2826 normande
565 2792 611 2837 (p.
634 2790 729 2835 276),
751 2789 796 2826 de
817 2790 966 2835 Simon,
988 2796 1110 2826 comte
1133 2791 1177 2826 de
1198 2790 1317 2826 Salm.
