2060 3345
244 294 348 339 4338]
611 296 817 329 RICHARDI
845 297 970 329 SCOTI
1000 297 1265 330 GHRONICON.
1603 295 1644 331 47

241 378 366 442 regis
394 382 426 426 F
429 378 599 434 rancie,
629 393 735 424 cum
761 393 931 441 magno
957 378 1162 425 exercitu
1185 393 1343 426 secum
1370 377 1562 435 ducens,
1587 379 1644 425 ad

242 461 399 517 partes
418 453 670 502 Brabancie
688 454 1021 501 transfretavit.
1043 454 1216 502 Deinde
1243 454 1300 502 ad
1327 454 1643 501 Alemanniam

240 548 289 578 se
307 532 609 586 transferens,
633 530 960 578 confederatus
984 537 1055 578 est
1072 531 1284 593 pluribus
1302 530 1535 578 nobilibus
1555 531 1646 578 sol-

239 608 424 655 dearios
450 624 560 656 suos
586 608 756 655 faciens
775 607 964 655 cuilibet
990 613 1167 654 certam
1195 624 1424 655 summam
1450 608 1645 671 pecunie

238 683 573 747 promittendo.
598 683 710 731 Etsi
735 701 760 730 a
787 683 1017 731 solutione
1042 683 1264 731 deficeret
1290 683 1480 731 minime
1505 700 1645 747 repu-

236 766 448 808 tarentur
497 760 898 808 confederationes
943 760 1172 823 predicte.
1221 760 1547 808 Confederavit
1596 777 1645 809 se

237 836 394 892 etiam,
423 837 527 885 licet
552 842 675 884 esset
696 836 1145 893 excommunicatus,
1176 852 1282 883 cum
1303 837 1419 883 duce
1439 837 1646 884 Baioarie

235 912 470 960 Ludovico
488 912 565 976 qui
588 929 676 976 pro
696 912 979 976 imperatore
1000 918 1111 960 tunc
1126 912 1354 975 temporis
1369 929 1419 960 se
1432 913 1641 977 gerebat.

235 989 412 1036 Eodem
437 1007 549 1037 vero
576 1007 698 1037 anno
732 989 789 1037 ab
819 990 922 1054 ipso
957 990 1193 1037 Ludovico
1220 996 1291 1037 est
1314 990 1359 1036 in
1394 990 1645 1054 imperium

234 1066 434 1114 vicarius
459 1067 755 1115 constitutus.
787 1067 871 1125 Qui
900 1068 1168 1114 vocationes
1194 1074 1241 1114 et
1266 1067 1506 1114 citationes
1539 1084 1646 1115 suas

233 1140 402 1190 faciens
423 1143 480 1189 ad
501 1159 701 1207 regnum
727 1143 917 1190 Francie
939 1143 1274 1199 invadendum,
1298 1143 1432 1206 pauci
1456 1143 1647 1190 obedie-

235 1225 343 1265 runt
368 1219 539 1267 eidem.

301 1298 411 1343 449.
440 1324 503 1331 —=
531 1296 734 1344 Audiens
768 1296 910 1360 igitur
942 1313 1026 1343 rex
1061 1296 1252 1343 Francie
1289 1312 1449 1360 regem
1486 1296 1646 1361 Anglie

233 1372 348 1420 velle
372 1373 594 1421 invadere
615 1390 814 1438 regnum
841 1374 1049 1429 Francie,
1075 1373 1335 1421 exercitum
1362 1373 1647 1422 immunera-

233 1449 374 1497 bilem
393 1451 517 1514 apud
539 1451 778 1498 Ambianis
798 1457 849 1498 ut
868 1450 908 1497 ei
930 1457 1197 1498 occurreret
1220 1451 1539 1515 congregavit,
1564 1451 1645 1498 sed

233 1544 340 1575 cum
365 1528 444 1575 diu
472 1534 783 1591 expectasset,
813 1527 1065 1575 licentiavit
1095 1528 1354 1575 exercitum
1383 1545 1490 1575 cum
1516 1528 1646 1575 vide-

231 1611 303 1652 ret
330 1621 489 1668 regem
513 1605 675 1669 Anglie
703 1605 839 1652 nichil
867 1604 1051 1667 penitus
1078 1621 1128 1651 se
1152 1605 1466 1652 moventem1.

299 1681 451 1744 420-f.
481 1709 544 1717 --
569 1685 666 1729 Hoc
691 1697 830 1737 anno,
861 1680 953 1728 due
979 1697 1124 1728 naves
1148 1681 1378 1728 notabiles
1403 1681 1528 1746 regis
1552 1683 1645 1729 An-

229 1758 336 1822 glie,
368 1759 652 1806 Christofora
672 1764 717 1805 et
737 1757 924 1805 Eduard
950 1774 1057 1805 cum
1084 1757 1366 1820 quibusdam
1388 1758 1488 1806 aliis
1508 1758 1643 1805 bonis

228 1835 441 1898 plurimis
468 1835 672 1883 oneratis
699 1851 785 1897 per
810 1840 974 1898 gentes
1002 1834 1127 1898 regis
1157 1836 1346 1882 Francie
1372 1836 1638 1898 capiuntur.

301 1911 408 1959 2124.
438 1940 502 1947 —
528 1914 642 1960 Cum
676 1911 897 1975 Flamingi
926 1917 971 1958 et
998 1911 1202 1960 maxime
1229 1911 1557 1959 Gandavenses
1586 1911 1642 1958 dc

230 1989 399 2051 quibus
426 2005 566 2052 supra
594 1988 946 2035 meminerimus
972 2006 996 2035 a
1025 1989 1194 2035 comite
1226 2006 1310 2037 suo
1344 1995 1393 2036 ut
1425 1989 1641 2037 dicebant

229 2066 372 2113 multa
409 2066 679 2130 gravamina
715 2070 1006 2128 paterentur,
1055 2065 1223 2129 spiritu
1265 2066 1531 2113 rebellionis
1570 2083 1642 2112 as-

228 2149 435 2206 sumpto,
460 2141 680 2189 eumdem
701 2142 920 2188 comitem
941 2141 999 2188 de
1024 2142 1195 2189 finibus
1209 2142 1304 2190 suis
1323 2142 1484 2206 fugere
1512 2158 1642 2189 com-

227 2220 448 2283 pulerunt
493 2219 757 2281 multosque
804 2218 1002 2282 populos
1053 2218 1248 2265 aliarum
1290 2219 1505 2266 villarum
1554 2218 1640 2265 sibi

223 2296 472 2361 jungentes
506 2313 561 2344 ac
598 2302 760 2343 contra
799 2312 993 2359 magnos
1030 2295 1110 2359 qui
1145 2295 1323 2343 eisdem
1360 2295 1642 2343 resistebant

229 2374 521 2439 insurgentes
553 2379 599 2421 et
625 2389 769 2421 unum
800 2373 858 2420 de
890 2373 1004 2436 ipsis
1037 2373 1223 2420 nomine
1249 2373 1474 2421 Jacobum
1506 2375 1641 2422 Arte-

228 2451 344 2497 velle
375 2450 463 2498 sibi
495 2455 634 2514 caput
659 2456 705 2497 et
731 2449 993 2513 principem
1016 2448 1255 2508 facientes,
1288 2450 1467 2497 eisdem
1496 2449 1639 2496 multa

228 2528 498 2591 gravamina
523 2528 796 2575 intulerunt.

279 2658 310 2692 1.
336 2657 436 2692 Pour
451 2657 505 2692 les
526 2656 780 2692 uombreusos
803 2655 1080 2691 convocations
1095 2654 1140 2691 de
1163 2666 1257 2702 gens
1279 2655 1443 2690 d’armcs
1467 2653 1638 2700 pendant

231 2721 329 2752 cette
351 2715 475 2751 anncc
496 2721 533 2751 et
554 2715 609 2751 les
631 2715 732 2750 deux
753 2714 967 2760 suivautcs,
988 2715 1036 2750 cf.
1060 2716 1094 2751 le
1124 2721 1275 2761 compto
1306 2715 1353 2750 du
1384 2714 1560 2759 lmilliagc
1595 2713 1640 2747 ‹lo

231 2774 452 2810 Glianmont
472 2785 547 2810 aux
571 2773 708 2809 Pieccs
727 2772 1014 2819 justificativcs.
