2060 3345
358 319 427 355 200
792 320 977 353 GERARDI
1003 320 1058 350 DE
1085 318 1325 351 FRACHETO.
1646 315 1751 362 [1280

359 405 410 446 ut
448 398 579 445 multi
618 397 766 452 aiunt,
804 400 1028 451 mortem,
1066 394 1183 441 sicut
1223 394 1389 458 dignus
1426 400 1548 451 erat,
1587 394 1754 442 dicitur

360 473 626 521 incurrisse.

422 566 461 596 c.
506 575 568 583 —
602 551 766 594 Fertur
802 546 925 592 enim
959 546 1004 592 in
1040 545 1163 593 dicto
1204 546 1374 593 afflictu
1414 545 1554 592 fuisse
1588 545 1754 592 milites

356 623 584 687 Aragonie
618 622 837 669 fortiores
871 628 917 669 et
952 622 1202 669 nobiliores
1232 629 1277 669 et
1311 638 1368 668 ex
1401 621 1467 668 eis
1494 636 1526 670 V
1560 621 1632 668 vel
1665 635 1748 677 1111,

357 701 473 747 sicut
511 704 672 762 postea
710 698 816 745 belli
855 698 1107 745 declaravit
1141 704 1352 753 eventus,
1388 696 1577 744 indutos
1613 697 1754 744 armis

359 776 480 823 Petri
501 775 755 821 simillimas
773 780 1048 831 armaturas,
1073 781 1122 821 ut
1139 775 1353 836 nequiret
1377 791 1401 820 a
1422 773 1601 821 Gallicis
1622 789 1755 820 vera-

358 852 472 898 citer
506 851 809 914 apprehendi.
846 851 936 898 Sed
975 867 1242 914 quanquam
1272 866 1382 897 vere
1417 850 1622 897 exterius
1661 866 1753 896 non

357 927 595 974 novissent
625 926 835 989 ipsorum
867 926 1046 990 gladios
1078 926 1271 973 interius
1297 942 1389 972 non
1411 926 1572 973 evasit.
1604 929 1751 974 Unum

354 1003 523 1050 mirum
545 1009 614 1049 est
632 1019 684 1049 ac
701 1003 840 1049 etiam
858 1020 944 1066 pro
961 1020 1128 1066 magno
1148 1002 1370 1049 miraculo
1389 1001 1718 1049 celebrandum
1739 1020 1747 1048 ε

354 1096 462 1126 nam
476 1080 534 1126 de
555 1079 693 1126 Gallis
709 1079 1004 1127 solummodo
1025 1080 1111 1126 nisi
1133 1085 1333 1141 quatuor
1346 1079 1630 1135 occiderunt,
1649 1095 1754 1125 cum

353 1157 470 1204 bene
496 1162 757 1220 pugnantes
783 1162 944 1203 contra
970 1173 1019 1202 se
1048 1171 1145 1205 XXV
1171 1155 1363 1219 quilibet
1397 1156 1625 1202 inveniret
1652 1155 1754 1204 Gal-

354 1232 468 1279 licus
494 1234 748 1296 Aragones.

418 1310 464 1356 d.
493 1337 557 1344 —
579 1311 731 1355 Mense
753 1324 866 1354 vero
892 1307 1171 1354 obsidionis1
1202 1307 1357 1364 tertio,
1389 1309 1602 1355 Gerunna
1629 1306 1755 1369 capi-

353 1392 430 1433 tur
455 1390 500 1431 et
526 1385 732 1432 munitur
757 1401 809 1431 ac
840 1384 947 1430 inde
980 1400 1081 1442 rex,
1119 1384 1431 1446 quorumdam
1468 1382 1673 1439 consilio,
1705 1399 1754 1429 se

354 1462 610 1518 retrahens,
641 1461 894 1524 disponens
930 1476 978 1507 se
1015 1460 1198 1507 trahere
1226 1475 1391 1506 versus
1418 1461 1749 1522 Gargasonem,

357 1544 537 1601 partem
587 1536 838 1600 quamdam
883 1552 1072 1583 suarum
1113 1535 1303 1582 navium
1346 1535 1626 1591 licenciavit,
1672 1534 1753 1581 sed

355 1614 522 1661 exinde
560 1613 817 1676 dampnum
856 1612 1112 1659 maximum
1153 1612 1321 1659 dicitur
1357 1611 1606 1658 incurrisse
1648 1610 1755 1673 quia

355 1690 501 1737 dictas
527 1706 668 1736 naves
693 1689 982 1736 invenientes
1009 1688 1227 1751 Aragonii
1260 1688 1378 1734 illico
1410 1688 1677 1734 locaverunt
1708 1693 1754 1734 et

354 1767 464 1813 alias
489 1767 785 1829 insequentes
816 1765 940 1829 regis
966 1781 1107 1811 naves
1140 1780 1192 1810 ac
1223 1764 1417 1811 viriliter
1449 1763 1748 1819 debellantes,

356 1847 537 1904 partem
565 1858 624 1887 ex
654 1841 720 1887 eis
754 1841 1003 1886 maximam
1033 1840 1192 1886 lucrati
1227 1845 1333 1886 sunt
1361 1845 1407 1885 et
1434 1854 1516 1884 rex
1543 1838 1682 1885 etiam
1707 1838 1751 1884 in

357 1918 583 1964 descensu
610 1934 635 1963 a
672 1915 1007 1963 munitionibus
1042 1932 1157 1978 quas
1191 1915 1392 1979 neglexit
1424 1931 1607 1977 capere,
1643 1920 1755 1961 tunc

356 1992 689 2040 detrimentum
711 1991 964 2037 maximum
991 1998 1061 2037 est
1088 2006 1356 2053 perpessus.
1385 1992 1497 2035 Nam
1523 1988 1601 2036 ubi
1625 1988 1754 2035 vide-

358 2070 466 2116 bant
499 2085 670 2131 paucos
708 2069 919 2125 Gallicos,
955 2074 1243 2115 revertentes
1277 2068 1323 2114 in
1358 2067 1485 2130 ipsos
1517 2066 1675 2114 furtim
1709 2073 1755 2113 et

354 2146 573 2192 velociter
599 2146 845 2201 irruentes,
882 2145 1124 2207 rapiebant
1161 2144 1386 2206 quidquid
1423 2148 1657 2206 poterant,
1694 2142 1752 2189 ad

356 2239 462 2269 suas
488 2222 731 2269 confestim
767 2222 1022 2269 fortericias
1057 2221 1284 2284 fugientes
1307 2227 1352 2267 et
1378 2236 1482 2267 cum
1515 2219 1755 2266 novissent

356 2298 574 2361 Aragonii
605 2315 766 2362 regem
802 2315 827 2344 a
859 2300 1070 2345 Geronna
1106 2314 1210 2345 cum
1246 2297 1451 2344 exercitu
1486 2296 1750 2351 recessisse,

358 2375 446 2421 illic
474 2390 578 2422 cum
606 2374 764 2422 Judeis
787 2381 831 2421 et
864 2374 1054 2438 paganis
1085 2374 1439 2437 quamplurimis
1466 2389 1583 2436 quos
1615 2372 1755 2419 habe-

359 2451 471 2498 bant
508 2450 728 2497 velociter
768 2450 1028 2507 redierunt,
1076 2454 1277 2498 Francos
1317 2451 1397 2513 qui
1435 2453 1755 2496 remanserant

359 2527 642 2574 obsidentes.
691 2527 772 2583 Qui
820 2526 1083 2574 victualium
1131 2527 1312 2574 defectu
1356 2526 1525 2589 quibus
1569 2541 1754 2588 semper

360 2603 533 2667 indiget
570 2619 682 2666 gens
714 2603 890 2666 gallica,
934 2603 1017 2650 hac
1056 2603 1268 2666 pactione
1300 2609 1350 2650 ut
1382 2602 1478 2649 sani
1519 2618 1624 2648 cum
1659 2601 1754 2648 suis

410 2774 440 2810 1.
465 2774 547 2808 Lat.
572 2773 692 2819 50050,
714 2774 925 2809 obsidione&
