2060 3345
267 295 371 340 1285]
615 297 821 330 CHRONICI
848 299 979 330 PRIMA
1007 299 1313 331 CONTINUATIO.
1595 298 1660 333 199

264 379 450 426 fuerunt
475 376 774 440 postmodum
801 377 845 423 in
867 377 1122 440 dampnum
1144 384 1189 425 et
1214 377 1483 440 perniciem,
1508 379 1662 425 nescio

265 470 466 517 quorum
502 452 710 507 consiliO,
745 469 914 515 capere
953 454 1317 517 pretermittens,
1354 470 1438 517 per
1472 471 1663 517 passum

266 530 428 577 Ecluse
471 529 549 592 qui
591 529 756 575 fortior
799 535 923 576 terre
967 530 1185 577 introitus
1220 531 1476 587 dicebatur,
1516 547 1663 594 usque

267 608 546 661 Geronnam,
570 604 700 667 regni
721 605 948 668 Aragonie
967 606 1132 652 urbem
1157 606 1475 664 fortissimam,
1499 623 1666 669 perve-

266 682 333 729 nit
360 686 407 728 et
432 680 632 728 obsedit.

328 758 370 804 b.
401 785 465 792 —
490 760 540 804 In
568 755 670 818 ipso
690 761 845 802 autem
871 755 1126 803 obsidionis
1153 757 1368 814 termino,
1395 758 1469 805 die
1495 758 1668 806 scilicet

265 833 606 896 Assumptionis
634 832 767 879 beate
790 832 990 897 Virginis
1021 833 1176 891 Marie,
1208 849 1313 881 cum
1340 851 1424 882 rex
1449 836 1667 883 comitem

266 908 636 957 Domni-Martini
656 925 762 956 curn
788 909 947 972 paucis
967 910 1025 957 de
1045 910 1252 957 exercitu
1270 912 1459 959 armatis
1480 912 1538 959 ad
1559 929 1669 975 por-

264 993 365 1034 tum
392 986 532 1033 maris
560 985 828 1049 proximum
858 985 936 1033 ubi
963 986 1090 1050 regie
1117 1003 1259 1033 naves
1284 994 1430 1043 erant,
1469 989 1669 1036 misisset

264 1063 539 1110 victualibus
571 1062 791 1109 exercitui
827 1062 1151 1125 adportandis,
1182 1066 1372 1109 Petrum
1404 1066 1669 1127 Aragonem

265 1157 357 1187 non
371 1140 499 1186 latuit
510 1139 588 1201 qui
601 1155 707 1186 cum
719 1139 867 1186 tribus
880 1139 1063 1185 milibus
1076 1139 1333 1201 peditibus1
1349 1146 1395 1186 et
1406 1141 1669 1204 quingentis

264 1217 497 1280 equitibus
517 1216 707 1263 armatis
728 1216 816 1262 iter
836 1216 1065 1262 munierat
1090 1223 1139 1262 ut
1160 1216 1424 1278 predictum
1450 1218 1668 1264 comitem

264 1309 370 1339 cum
404 1292 498 1339 suis
531 1298 690 1354 posset
722 1292 931 1338 occidere
967 1292 1012 1338 in
1047 1308 1266 1355 regressu
1301 1298 1346 1338 et
1383 1296 1667 1340 Francorum

263 1368 476 1416 victualia
497 1368 763 1431 depredari.
783 1368 872 1415 Sed
897 1368 1103 1431 piissima
1125 1368 1265 1431 Virgo
1287 1369 1424 1415 Maria
1446 1386 1536 1431 que
1559 1387 1668 1417 suos

264 1461 502 1507 nunquam
537 1445 709 1492 deserit
742 1445 785 1490 in
818 1444 1045 1501 adversis,
1080 1448 1283 1492 Francos
1315 1461 1424 1492 suos
1457 1446 1536 1508 qui
1570 1446 1668 1509 ejus

263 1521 446 1578 devote,
477 1521 577 1584 ipsa
603 1521 678 1568 die
704 1521 1047 1584 Assumptionis
1072 1521 1235 1585 ipsius,
1275 1522 1668 1586 sollempnitatem

265 1598 628 1654 celebraverant,
674 1614 765 1644 non
807 1604 877 1645 est
908 1615 1042 1661 passa
1086 1599 1144 1645 ab
1186 1599 1341 1662 impiis
1385 1601 1548 1646 Sancte
1587 1600 1669 1646 Dei

264 1675 464 1721 Ecclesie
493 1674 689 1721 inimicis
718 1675 818 1737 ipsa
844 1675 918 1721 die
954 1676 1105 1722 taliter
1130 1675 1398 1738 depredari.
1428 1679 1542 1723 Nam
1567 1677 1668 1739 qui-

264 1752 373 1798 dam
392 1751 450 1798 de
476 1751 662 1798 Francis
690 1751 734 1797 in
761 1752 938 1798 insidiis
965 1752 1161 1814 positus,
1186 1755 1453 1815 Aragonum
1478 1752 1669 1799 insidias

263 1827 419 1874 comiti
459 1827 517 1874 de
558 1827 753 1874 Marchia
793 1834 837 1874 et
878 1828 1070 1874 domino
1112 1828 1356 1890 Radulpho
1393 1828 1452 1874 de
1494 1828 1667 1891 Nigella

261 1903 603 1951 constabulario
623 1910 668 1951 et
687 1904 878 1951 domino
898 1905 1096 1952 Johanni
1123 1904 1182 1951 de
1215 1904 1503 1959 Hardicuria,
1535 1921 1668 1951 exer-

262 1980 379 2028 citus
405 1980 692 2035 marescallo,
723 1981 1021 2044 concit[at]us
1048 1981 1291 2028 nuntiavit.
1325 1982 1536 2038 Quicum
1561 1997 1668 2027 cen-

263 2063 363 2104 tum
387 2057 506 2103 illico
535 2063 582 2103 et
605 2057 937 2121 quinquaginta
964 2074 1046 2104 sex
1075 2058 1267 2104 armatis
1293 2058 1529 2120 equitibus
1555 2060 1667 2104 Ara-

262 2150 437 2198 gonum
470 2133 647 2180 insidiis
685 2139 979 2182 occurerunt.
1011 2134 1143 2192 Quod
1181 2135 1394 2182 videntes
1426 2135 1663 2198 Aragonii,

263 2210 369 2273 quia
394 2210 528 2273 pauci
555 2210 612 2257 ad
640 2227 803 2257 eorum
836 2226 1083 2258 numerum
1115 2211 1413 2267 videbantur,
1454 2212 1668 2274 protinus

262 2288 555 2345 invaserunt;
600 2288 682 2336 sed
729 2289 891 2335 Franci
935 2289 994 2336 de
1039 2288 1240 2352 gloriose
1281 2288 1482 2352 Virginis
1530 2289 1668 2336 Marie

261 2365 431 2412 auxilio
451 2381 584 2428 spem
604 2365 843 2420 habentes,
875 2366 918 2411 in
946 2366 1074 2428 ipsos
1100 2366 1282 2412 fortiter
1304 2365 1539 2413 irruerunt
1565 2382 1668 2412 eos-

259 2458 350 2504 que
364 2459 457 2489 non
472 2442 550 2489 diu
564 2442 758 2489 viriliter
768 2442 1070 2499 debellantes,
1089 2443 1186 2489 fere
1200 2459 1363 2489 omnes
1376 2442 1662 2494 occiderunt,

258 2519 470 2582 ipsorum
494 2535 604 2583 rege
631 2523 768 2566 Petro
789 2519 993 2566 totaliter
1011 2520 1256 2567 vulnerato
1277 2520 1354 2582 qui
1379 2520 1455 2565 vix
1477 2519 1665 2566 tandem

261 2595 417 2659 fugam
438 2595 684 2659 arripiens,
712 2595 770 2643 de
791 2595 926 2643 dictis
948 2596 1217 2644 vulneribus
1238 2612 1327 2643 non
1352 2612 1516 2659 parum
1538 2602 1662 2659 post,

316 2766 345 2800 1.
370 2765 453 2800 Lat.
477 2765 597 2810 5005c,
618 2766 761 2810 podicis.
