2060 3345
248 281 351 327 4332]
616 286 822 318 RICHARDI
850 286 976 318 SCOTI
1005 286 1270 318 GHRONIGON.
1606 285 1648 320 29

245 367 402 428 sicque
441 366 582 413 multe
625 381 805 413 merces
843 383 932 428 que
975 371 1108 414 antea
1144 366 1328 413 fuerant
1370 365 1506 412 nimis
1543 382 1649 413 care

246 442 375 505 quasi
404 442 460 490 ad
488 442 692 490 medium
718 442 1021 491 reducuntur.

762 578 802 623 M
823 577 923 624 CCC
941 579 1121 623 XXXII.

311 679 441 739 69-9.
471 704 534 711 —
565 678 697 724 Anno
726 675 908 722 Domini
933 675 985 722 M⁰
1009 676 1115 724 CCC⁰
1137 676 1304 733 XXX110,
1332 675 1565 724 Robertus
1590 675 1649 723 de

243 752 485 800 Attrabato
520 752 784 815 sepedictus
819 751 904 798 fuit
936 752 1151 799 bannitus
1188 752 1245 798 de
1284 768 1429 815 regno
1461 752 1649 799 Francie

244 845 329 892 per
354 829 552 876 barones
577 834 623 876 et
655 828 807 876 omnia
841 828 961 875 bona
988 845 1069 875 sua
1105 828 1203 892 regi
1239 829 1448 875 similiter
1484 830 1650 876 confis—

244 912 361 961 cata,
392 905 473 952 sed
500 905 649 953 adhuc
676 922 731 953 ex
756 904 1060 962 habundanti,
1080 904 1137 951 ad
1159 921 1322 967 preces
1337 906 1648 968 quorumdam

244 998 539 1046 magnorum,
554 998 638 1029 rex
650 981 797 1029 voluit
809 981 1025 1044 quatinus
1038 981 1250 1045 solenn[e
1268 981 1476 1045 bannire]
1503 999 1649 1045 usque

243 1059 301 1105 ad
328 1075 537 1106 mensem
559 1064 664 1122 post
689 1058 860 1121 pascha
883 1058 1170 1115 differretur,
1189 1064 1234 1105 et
1255 1059 1337 1115 sic,
1359 1059 1396 1106 si
1419 1059 1535 1105 infra
1557 1066 1650 1106 ter-

243 1136 420 1183 minum
445 1136 624 1183 veniret
641 1141 686 1182 et
708 1136 752 1181 in
766 1135 884 1182 velle
904 1135 1027 1198 regis
1048 1151 1097 1182 se
1111 1141 1324 1198 poneret,
1346 1151 1430 1182 rex
1452 1136 1492 1181 ei
1511 1135 1649 1181 talem

242 1212 439 1276 gratiam
477 1212 649 1259 faceret
683 1212 866 1275 qualem
909 1211 994 1258 sibi
1031 1211 1284 1275 expediens
1318 1211 1574 1269 videretur,
1611 1211 1648 1258 si

243 1305 356 1336 vero
383 1306 476 1336 non
496 1289 695 1344 veniret,
726 1288 906 1336 bannus
932 1294 1243 1352 exequeretur
1269 1288 1476 1335 omnino.

309 1368 387 1412 70.
406 1394 470 1401 —
483 1366 596 1428 Cap.
615 1364 871 1414 CLXXVa.
887 1393 950 1400 —
961 1369 1208 1412 Transacto
1229 1365 1428 1412 termino
1441 1364 1648 1429 gratioso

244 1461 269 1490 a
295 1459 405 1507 rege
431 1459 652 1490 concesso
678 1442 868 1489 domino
894 1442 1100 1490 Roberto
1128 1442 1383 1505 sepedicto,
1426 1441 1646 1495 Parisius,

243 1525 344 1567 ΧΙΧεἰ
375 1519 447 1566 die
474 1519 597 1574 maii,
628 1534 714 1581 per
747 1518 903 1564 omnia
938 1517 1180 1580 quadrivia
1209 1517 1495 1580 principalia,
1525 1516 1650 1563 tubis

244 1596 610 1659 precinentibus,
638 1595 919 1658 preconibus
934 1594 1258 1651 clamantibus,
1284 1594 1406 1640 idem
1432 1593 1650 1640 dominus

242 1673 475 1719 Robertus
504 1672 550 1718 in
584 1689 665 1719 sua
696 1672 982 1719 contumacia
1017 1671 1271 1734 persistens
1303 1670 1555 1717 solenniter
1581 1674 1652 1716 est

243 1749 478 1805 bannitus,
505 1749 608 1795 talia
633 1766 791 1796 coram
808 1748 983 1812 populo
1004 1748 1243 1795 recitando
1261 1747 1386 1810 quod
1408 1764 1493 1811 per
1514 1747 1650 1794 falsas

243 1827 420 1874 litteras
469 1826 699 1874 Attrabati
745 1826 1014 1873 comitatum
1062 1830 1375 1888 temptaverat
1417 1824 1646 1880 obtinere,

243 1903 365 1950 unde
406 1903 463 1950 ad
502 1903 881 1967 respondendum
923 1919 1064 1966 super
1098 1903 1185 1950 hoc
1220 1910 1264 1949 et
1304 1902 1516 1965 pluribus
1550 1901 1650 1947 aliis

243 1980 448 2027 articulis
468 1996 627 2027 coram
646 1997 755 2044 rege
781 1986 825 2027 et
852 1979 1044 2043 paribus
1066 1979 1241 2043 pluries
1262 1979 1413 2026 fuerat
1433 1978 1650 2041 adjorna-

243 2063 319 2103 tus
338 2062 384 2102 et
410 2057 628 2120 quoniam
656 2073 747 2103 non
774 2057 901 2102 venit
926 2073 1010 2103 nec
1036 2062 1392 2119 procuratorem
1419 2054 1651 2102 sufficien-

243 2139 339 2179 tem
366 2133 509 2189 misit,
535 2149 620 2196 per
641 2133 978 2179 contumaciam
1007 2133 1091 2180 fuit
1117 2133 1296 2196 positus
1322 2132 1367 2179 in
1395 2131 1612 2179 deffectu.

310 2211 437 2256 7111-b.
481 2239 543 2245 —
579 2209 835 2272 Philippus,
865 2225 949 2256 rex
974 2210 1182 2267 Francie,
1211 2209 1334 2273 apud
1356 2207 1649 2256 Meledunum

243 2286 351 2333 fecit
376 2287 560 2350 nuptias
594 2286 669 2332 filii
700 2286 769 2333 sui
805 2286 1102 2350 primogeniti
1127 2286 1347 2334 Johannis
1380 2286 1486 2332 novi
1518 2285 1649 2332 ducis

243 2364 522 2410 Normannie
543 2369 589 2411 et
607 2362 794 2410 domine
818 2366 942 2411 Bone
961 2363 1050 2410 filie
1070 2363 1290 2412 ,Iohannis
1317 2363 1440 2428 regis
1463 2362 1649 2409 Boemie

243 2439 323 2486 filii
344 2440 583 2502 quondam
608 2440 903 2503 imperatoris
930 2441 1113 2487 Henrici
1133 2440 1383 2504 ipsumque
1404 2440 1512 2487 fecit
1532 2439 1650 2485 mili-

243 2521 339 2562 tem
366 2516 566 2563 Parisius
584 2516 628 2562 in
650 2517 766 2562 festo
793 2516 966 2562 scilicet
986 2517 1246 2580 archangeli
1269 2516 1515 2571 Michaelis,
1541 2531 1648 2577 rege

245 2593 447 2649 Boemie,
477 2609 586 2658 rege
614 2597 834 2649 Navarre,
865 2593 980 2640 duce
1007 2593 1292 2657 Burgundio,
1323 2593 1440 2641 duce
1470 2591 1648 2639 Britan-

245 2669 340 2727 nie,
387 2670 505 2718 duce
541 2669 858 2734 Lotharingie,
904 2669 1020 2717 duce
1054 2669 1303 2718 Brabantie
1343 2685 1448 2716 cum
1491 2667 1647 2714 multis

248 2746 500 2794 baronibus
522 2762 722 2809 quorum
751 2763 840 2793 non
869 2752 939 2793 cst
967 2763 1190 2794 numerus
1223 2745 1521 2810 presentibus
1548 2745 1650 2807 ipso
