2060 3345
237 296 340 341 l343]
604 299 811 330 RICHARDI
840 299 965 331 SCOTI
994 298 1261 330 CHRONICON.
1592 296 1630 330 61

234 384 358 423 terra
380 393 461 424 sua
481 375 689 422 defectus
712 375 979 423 victualium
1009 392 1205 440 magnus
1231 381 1329 422 erat
1355 379 1400 421 et
1427 374 1638 421 ordinas-

234 458 303 499 set
326 452 451 515 quod
479 469 620 515 super
645 451 936 499 territorium
960 453 1308 508 Aurelianense,
1339 451 1570 499 Belsiense
1591 458 1637 498 et

234 529 476 577 Wastineti
511 528 774 592 hujusmodi
809 529 1056 575 subventio
1094 529 1345 584 levaretur,
1390 527 1557 575 accidit
1588 534 1637 574 ut

233 605 386 652 clerici
414 605 765 653 Aurelianenses
786 621 891 652 cum
913 605 1224 669 burgensibus
1249 612 1294 652 et
1316 604 1507 668 populo,
1532 620 1639 668 gra—

233 682 353 728 viter
378 683 466 729 hoc
490 682 709 737 ferentes,
740 681 1018 728 rebellarent
1045 688 1088 728 et
1110 681 1317 728 dicerent
1342 681 1468 744 quod
1495 697 1639 744 prop-

231 764 304 805 ter
337 759 425 805 hoc
462 764 719 805 mercatum
760 764 919 821 posset
955 757 1100 804 minui
1140 775 1193 805 ac
1228 758 1368 804 etiam
1399 757 1635 821 impediri.

230 835 523 882 Rebellantes
562 835 703 899 igitur
746 841 906 882 contra
939 836 1065 899 regis
1101 835 1345 882 consilium
1377 841 1423 881 et
1459 835 1635 899 regine,

232 918 461 960 venerunt
486 912 545 959 ad
572 911 748 976 Ligeris
769 912 982 968 fluvium,
1014 911 1091 959 ubi
1119 911 1321 974 quedam
1347 928 1489 959 naves
1509 916 1641 958 erant

232 994 397 1036 onuste
436 988 710 1036 victualibus
752 995 802 1036 ut
844 989 888 1036 in
921 988 1240 1053 Burgundiam
1274 988 1569 1035 deferrentur
1595 993 1641 1034 et

232 1065 331 1113 illas
369 1066 467 1112 sine
506 1065 787 1113 discretione
828 1065 1084 1113 venditioni
1130 1065 1312 1128 publice
1358 1070 1633 1128 posuerunt.

232 1142 427 1200 Quidam
456 1143 593 1189 etiam
620 1142 804 1189 illorum
833 1159 919 1205 per
942 1142 1072 1189 villas
1104 1142 1278 1189 vicinas
1302 1141 1636 1196 discurrentes,

231 1220 442 1282 ostiaque
470 1219 720 1266 domorum
747 1219 1032 1283 frangentes,
1064 1219 1190 1281 quod
1219 1218 1351 1282 pejus
1377 1224 1464 1274 est,
1498 1218 1640 1264 latro-

231 1296 352 1343 cinio
390 1313 439 1343 se
474 1296 726 1344 dedebant.
758 1297 1029 1359 Propositus
1053 1296 1194 1360 igitur
1226 1295 1444 1351 civitatis,
1475 1294 1640 1341 videns

231 1374 423 1421 obviare
440 1374 609 1420 talibus
627 1390 731 1420 esse
752 1373 939 1427 decens,
966 1374 1176 1437 ipsorum
1198 1387 1297 1420 XIIII
1318 1371 1492 1419 carceri
1511 1388 1644 1417 man-

232 1450 420 1513 cipavit.
440 1450 571 1508 Quod
589 1450 829 1496 audientes
850 1450 941 1505 alii,
968 1450 1124 1497 statim
1144 1450 1202 1497 ad
1222 1465 1459 1497 carcerem
1477 1465 1642 1496 cucur-

232 1534 394 1574 rerunt
413 1527 656 1590 ipsamque
677 1527 960 1591 frangentes,
981 1544 1144 1581 omnes
1164 1527 1480 1574 incarceratos
1501 1525 1641 1572 etiam

232 1605 371 1651 morti
412 1604 698 1667 adjudicatos
739 1603 867 1650 abire
909 1603 1053 1650 libere
1089 1603 1421 1667 permiserunt.
1467 1602 1644 1660 Quibus

232 1680 419 1737 auditis,
450 1697 535 1727 rex
566 1680 685 1727 duos
720 1680 889 1726 milites
915 1680 1022 1727 illuc
1054 1680 1180 1727 misit
1214 1696 1318 1727 cum
1347 1678 1643 1726 multitudine

231 1763 541 1814 armatorum,
580 1757 798 1820 quatinus
838 1756 1091 1819 suspendio
1130 1756 1370 1803 traderent
1410 1761 1643 1818 quotquot

232 1851 338 1882 reos
366 1834 502 1899 hujus
525 1834 732 1881 criminis
758 1833 1040 1888 invenirent,
1080 1833 1282 1880 maxime
1317 1850 1436 1895 quos
1470 1849 1643 1895 prepo-

232 1911 348 1958 situs
373 1911 714 1959 Aurelianensis
741 1911 934 1958 duceret
960 1911 1287 1967 nominandos,
1319 1910 1416 1974 qui,
1446 1925 1642 1973 precep-

232 1994 331 2034 tum
372 1987 496 2051 regis
530 1987 796 2050 implentes,
835 1988 993 2051 plures
1029 2004 1136 2035 cum
1173 2004 1264 2036 uno
1296 1987 1465 2034 clerico
1502 1987 1641 2034 etiam

233 2065 459 2128 dyacono,
489 2070 539 2112 ut
564 2064 822 2121 dicebatur,
849 2065 1160 2111 communiter
1186 2064 1549 2128 suspenderunt.

302 2148 460 2195 lta-e.
498 2175 562 2183 —-
596 2148 754 2195 Abbas
789 2148 942 2195 Sancti
978 2147 1208 2211 Dyonisii,
1246 2147 1410 2210 Guydo
1446 2147 1503 2194 de
1537 2149 1643 2195 Cas-

234 2225 362 2276 tris⁴,
385 2225 571 2272 mittens
598 2225 656 2272 ad
685 2228 940 2272 Romanam
966 2224 1142 2272 curiam
1168 2231 1523 2287 procuratorem
1545 2226 1642 2271 suf-

232 2302 440 2349 ficienter
461 2302 720 2359 fundatum,
745 2301 959 2365 regimini
979 2302 1188 2366 ejusdem
1212 2302 1405 2349 ecclesie
1426 2302 1471 2348 in
1500 2301 1637 2364 pleno

232 2378 507 2424 consistorio
523 2393 680 2424 coram
695 2378 1117 2443 summoPontitice
1141 2377 1413 2441 resignavit,
1439 2383 1642 2441 postque

233 2455 375 2502 frater
394 2455 582 2519 Egidius
604 2454 816 2518 Rigaudi,
837 2455 965 2517 prior
977 2455 1034 2502 de
1056 2458 1249 2510 Essona,
1271 2455 1480 2518 ejusdem
1498 2455 1643 2501 eccle-

234 2532 298 2579 sie
315 2532 459 2579 sancti
482 2532 685 2595 Dyonisii
705 2532 959 2579 monachus
977 2538 1022 2579 et
1044 2532 1302 2596 professus,
1323 2532 1365 2578 in
1387 2531 1514 2578 curia
1533 2538 1642 2577 tunc

234 2608 457 2665 existens,
472 2608 530 2656 ad
549 2609 897 2673 suggestionem
914 2609 1130 2673 Philippi,
1145 2609 1270 2673 regis
1288 2611 1512 2663 Navarre,
1532 2608 1644 2654 sub-

286 2768 318 2803 1.
344 2781 359 2800 «
383 2768 470 2815 Guy
494 2768 539 2805 dc
561 2768 744 2805 Chartrcs
767 2782 783 2801 »
808 2768 983 2814 (Grandes
1004 2769 1243 2814 Chroniques,
1270 2774 1295 2803 t.
1321 2767 1370 2813 V,
1391 2779 1426 2813 p.
1449 2767 1544 2814 427).
