2060 3345
332 318 397 356 142
566 320 769 354 RIGHARDI
798 318 924 351 SCOTI
952 315 1159 349 CHRONIGI
1186 315 1495 349 CONTINUATIO.
1621 314 1724 361 [1359

328 401 455 449 curia
485 406 531 448 et
561 404 622 448 Lc
649 397 877 447 Baudrain
905 396 963 444 de
993 396 1035 444 la
1065 398 1215 443 Heuse
1245 412 1296 443 se
1326 395 1537 443 hostibus
1569 397 1726 444 reddi-

328 477 548 525 derunt1.

393 556 503 600 307.
535 579 596 588 —
625 554 712 598 Per
740 565 913 596 annum
943 548 1084 595 istum
1115 548 1346 613 integrum
1380 553 1565 595 moneta
1597 549 1725 613 regia

327 629 392 677 sic
409 629 466 675 ad
487 643 675 675 cursum
700 626 901 673 debilem
926 625 1117 672 reducta
1144 631 1214 672 est
1233 624 1358 688 quod
1382 641 1575 688 grossus
1596 629 1725 672 turo-

327 721 439 752 neus
463 709 709 767 argenteus
733 717 801 750 XX
827 719 866 749 s.
895 700 1173 764 parisienses
1197 701 1339 749 valuit
1366 707 1412 748 et
1436 702 1641 748 ssorenus
1667 702 1725 749 de

324 781 557 828 Florencia
583 796 670 842 pro
701 793 786 827 XIII
819 778 949 826 libris
981 778 1314 841 parisiensibus
1346 784 1599 840 poneretur
1626 783 1726 824 tan-

323 864 462 919 taque
481 857 565 904 fuit
590 856 857 904 victualium
882 855 1065 902 caristia
1095 855 1221 917 quod
1251 854 1480 902 sextarius
1506 854 1727 901 frumenti

322 948 422 982 XXX
450 933 590 980 libras
615 933 893 996 parisienses
921 931 1212 979 vendebatur
1236 936 1281 978 et
1312 931 1460 979 cauda
1482 931 1579 977 vini
1610 934 1725 978 Bur-

321 1008 491 1073 gondie
524 1008 708 1055 valebat
743 1007 1099 1070 quinquaginta,
1131 1006 1214 1053 sed
1254 1005 1613 1069 quadragesima
1651 1022 1724 1052 se-

321 1088 508 1147 quente,
530 1100 667 1131 cursu
688 1083 893 1130 mutato2
913 1082 959 1129 in
980 1081 1160 1138 melius,
1183 1082 1389 1128 ssorenus
1409 1081 1468 1128 de
1487 1080 1723 1128 Florencia

320 1167 366 1208 et
391 1160 558 1225 regalis
582 1176 750 1207 aureus
775 1159 834 1206 ad
864 1173 998 1207 XXXII
1024 1174 1063 1206 s.
1094 1157 1273 1205 reducti
1295 1164 1403 1205 sunt
1427 1163 1473 1205 et
1503 1157 1722 1204 denarius

319 1242 566 1300 argenteus
591 1235 649 1283 ad
670 1236 788 1283 duos
813 1234 1030 1282 denarios
1049 1234 1129 1296 qui
1154 1233 1272 1281 duos
1293 1233 1466 1281 solidos
1480 1235 1497 1261 3
1518 1233 1718 1282 valebat.

386 1315 497 1360 308.
517 1340 580 1348 —
600 1312 797 1370 Quidam
821 1310 971 1368 miles,
995 1310 1054 1358 de
1075 1309 1180 1358 Bria
1203 1310 1444 1365 oriundus,
1466 1315 1511 1356 et
1531 1310 1610 1372 qui
1636 1311 1722 1357 toti

318 1389 491 1451 patrie,
528 1388 668 1436 velud
701 1387 849 1435 hostis
885 1386 1119 1450 publicus,
1159 1385 1478 1449 irreparabilia
1519 1385 1722 1449 dampna

317 1466 550 1522 intulerat,
579 1464 743 1528 capitis
768 1463 1026 1511 abscisione
1052 1479 1194 1526 penas
1220 1462 1303 1509 luit
1331 1478 1419 1525 pro
1440 1462 1721 1509 sceleribus4

318 1541 615 1605 perpetratis.
646 1540 783 1604 Cujus
808 1540 986 1603 amplas
1011 1538 1308 1593 hereditates,
1339 1554 1445 1584 cum
1471 1537 1530 1584 ad
1556 1538 1720 1585 fiscum

318 1619 497 1682 regium
517 1617 830 1673 devenissent,
851 1632 935 1663 reX
951 1616 1182 1664 ‚Iohannes
1198 1613 1583 1676 competitoribus
1600 1614 1720 1660 mul-

316 1700 472 1742 tarum
507 1694 805 1741 ecclesiarum
842 1692 973 1756 regni
1009 1690 1215 1738 remissis
1255 1690 1314 1737 ad
1358 1690 1549 1753 propria
1587 1695 1717 1737 motu

315 1771 510 1834 proprio
537 1769 677 1816 libere
697 1768 925 1816 concessit
950 1773 1179 1832 perpetuo
1198 1765 1522 1830 possidendas.

383 1850 492 1894 309.
515 1875 579 1882 —
592 1847 688 1894 Rem
701 1846 861 1908 Anylic
881 1860 1069 1907 requam
1086 1844 1365 1891 Francorum
1378 1845 1713 1906 prosequitur?

314 1927 487 1971 —ReX
498 1923 657 1986 Anglie
668 1921 912 1969 Eduardus
923 1927 1122 1984 quatuor
1132 1920 1251 1967 filios
1271 1936 1397 1976 suos,
1414 1919 1583 1966 milites
1598 1925 1718 1966 stre-

315 2015 450 2055 nuos,
479 2006 525 2046 et
547 2004 694 2045 totam
716 1997 1004 2045 nobilitatem
1022 1996 1154 2060 regni
1180 1995 1268 2043 sibi
1290 1994 1462 2042 subditi
1482 1995 1718 2042 adducens

316 2075 361 2121 in
398 2074 655 2131 Franciam,
694 2073 931 2121 civitatem
960 2072 1267 2120 Remensem6
1302 2086 1363 2120 XL
1393 2071 1559 2120 diebus
1593 2071 1718 2119 obsi-

364 2212 397 2246 1.
419 2209 473 2246 Cf.
496 2210 765 2246 Continuateur
784 2209 825 2244 de
846 2209 1055 2246 Guillaume
1076 2209 1117 2243 de
1136 2208 1287 2252 Nanyis,
1312 2211 1339 2242 t.
1362 2206 1414 2253 II,
1437 2217 1473 2254 p.
1496 2205 1579 2243 298.

361 2269 396 2305 2.
420 2269 492 2304 Ms.
515 2272 657 2304 mutuo.

362 2328 395 2363 3.
419 2328 490 2362 Ms.
513 2329 669 2363 soludos.

361 2387 395 2421 4.
418 2387 491 2422 Ms.
514 2387 702 2422 celeribus.

362 2447 394 2480 5.
418 2445 522 2480 Pour
553 2443 774 2479 l’itineraire
806 2433 1021 2479 d'Edouard
1054 2441 1111 2478 III
1143 2441 1312 2488 pendant
1345 2446 1444 2478 cette
1486 2451 1715 2487 campagne,

313 2505 396 2542 voir
410 2515 485 2540 aux
501 2503 635 2539 Pieces
653 2502 922 2549 justificatives
943 2502 998 2537 les
1015 2500 1247 2537 indications
1261 2500 1377 2536 tirees
1391 2499 1458 2536 des
1477 2501 1589 2544 Privy
1608 2501 1714 2535 scats.

360 2564 394 2600 6.
415 2564 490 2599 Les
504 2561 729 2609 preparatifs
743 2572 838 2607 pour
850 2561 885 2596 la
899 2560 1054 2596 defense
1068 2560 1163 2596 dela
1177 2560 1265 2597 ville
1277 2559 1322 2595 de
1337 2558 1471 2595 Reims
1487 2558 1641 2594 avaient
1657 2558 1716 2594 cte

313 2623 558 2661 commences
577 2621 768 2668 plusieurs
791 2621 887 2657 mois
910 2624 1162 2667 auparavant.
1187 2633 1203 2653 «
1228 2619 1407 2655 Vidimus
1435 2629 1524 2655 sous
1544 2619 1578 2654 16
1600 2628 1715 2654 sceau

312 2682 358 2718 de
379 2683 415 2718 la
434 2681 590 2729 prevete
610 2680 655 2716 de
675 2680 799 2726 Paris,
821 2679 870 2715 du
891 2679 934 2715 <29
965 2679 1043 2715 mai
1071 2679 1173 2724 1362,
1199 2678 1298 2715 Jean
1323 2677 1498 2723 Bernier,
1521 2677 1716 2714 chevalier

313 2742 348 2776 16
370 2752 452 2788 roy,
474 2741 581 2776 etant
601 2738 716 2786 garde
745 2738 789 2775 de
816 2737 931 2774 ladite
958 2738 1128 2784 prevete,
1149 2737 1215 2773 des
1244 2737 1376 2774 lettres
1403 2736 1447 2772 de
1468 2736 1649 2773 Gaucher
1669 2735 1714 2771 de

313 2800 521 2847 Ghatillon,
548 2797 758 2844 chevalier,
786 2797 966 2844 seigneur
992 2796 1037 2833 de
1064 2797 1099 2832 la
1126 2796 1514 2842 Ferte-en-Pontieu‚
1540 2806 1609 2842 par
1635 2795 1712 2830 les-
