2060 3345
283 301 384 346 1282]
627 306 832 338 CHRONICI
859 307 989 337 PRIMA
1018 305 1324 339 CONTINUATIO.
1608 306 1670 341 191

280 381 337 428 de
353 383 519 438 causiS‚
538 399 618 429 eos
636 382 820 428 fovebat
842 388 888 429 et
907 382 964 429 ab
985 383 1051 430 eis
1072 383 1288 431 tuebatur
1309 390 1353 431 et
1370 388 1674 432 vastaverunt

279 463 562 505 contractam
587 474 733 521 usque
759 457 816 504 ad
841 474 1001 505 muros
1020 461 1240 506 Penestre
1262 476 1355 507 non
1382 459 1479 508 sine
1504 460 1674 508 multo-

278 550 382 581 rum
408 535 652 591 occisione,
682 533 858 583 Ursinis
882 534 927 581 in
955 535 1191 582 fortaliciis
1216 553 1265 583 se
1290 536 1571 584 tenentibus.

342 627 381 658 e.
411 640 474 647 —
495 612 669 659 Eodem
693 616 923 674 tempore,
956 612 1182 675 pugnavit
1206 629 1289 659 rex
1310 613 1471 677 Anglie
1496 614 1673 662 Odoar-

275 686 362 734 dus
388 704 494 735 cum
520 688 737 736 Galorum
764 687 973 751 principe
999 693 1045 733 et
1070 687 1216 750 ipsius
1241 690 1385 736 fratre
1411 690 1557 737 David
1578 696 1672 737 ter-

276 779 468 827 ramque
506 765 713 827 ipsorum
754 781 844 826 que
885 763 972 810 sub
1014 764 1148 810 nullis
1180 765 1443 828 Anglicanis
1484 766 1673 831 regibus

273 838 462 885 subacta
481 839 622 887 fuisse
635 838 804 886 dicitur
817 838 1016 902 subegit,
1035 838 1149 902 ipsis
1162 839 1383 887 fratribus
1398 842 1667 890 interfectis.

272 915 356 971 Qui
383 917 684 978 postmodum
710 916 755 963 in
780 916 964 980 signum
985 915 1177 963 victorie
1202 930 1268 964 XII
1288 917 1471 965 Galetos
1492 919 1669 967 nobiles

272 997 318 1038 et
336 992 696 1055 pulcherrimos,
721 992 832 1040 dum
858 1009 941 1056 per
961 992 1101 1040 urbes
1122 999 1166 1040 et
1187 993 1317 1040 villas
1338 994 1516 1042 nobiles
1541 995 1670 1058 equi-

269 1072 404 1124 taret,
441 1068 621 1130 pedites
655 1085 759 1117 cum
792 1068 1008 1116 accinctis
1039 1068 1203 1133 gladiis
1236 1068 1441 1133 seipsum
1472 1071 1670 1118 circum-

270 1143 383 1191 dare
407 1144 618 1192 faciebat.

332 1222 367 1282 f.
392 1249 455 1257 —-
481 1222 582 1269 Fuit
606 1227 761 1269 autem
793 1222 911 1269 circa
943 1221 1016 1268 illa
1048 1227 1262 1285 tempora
1294 1222 1418 1285 apud
1445 1223 1662 1280 Parisius‚

268 1298 528 1362 Anglicanis
560 1304 606 1346 et
634 1298 838 1346 Picardis
871 1299 1049 1346 clericis
1078 1299 1199 1348 inter
1224 1316 1274 1346 se
1311 1299 1663 1357 dissidentibus,

268 1374 313 1420 in
350 1375 656 1422 Universitate
696 1376 968 1422 clericorum
1007 1381 1131 1423 tanta
1168 1376 1399 1424 discordia
1441 1377 1567 1440 quod
1603 1378 1666 1425 ibi

266 1451 473 1498 studium
499 1452 698 1499 deficere
723 1452 1010 1500 crederetur.
1038 1455 1153 1499 Nam
1178 1469 1285 1500 cum
1314 1452 1458 1500 armis
1483 1459 1529 1500 et
1555 1454 1667 1501 viri-

266 1527 353 1575 bus
396 1529 631 1593 Anglicani
673 1529 823 1576 clerici
864 1529 1139 1577 clericorum
1177 1529 1382 1577 Picardie
1428 1531 1662 1577 nationem

263 1611 394 1651 extra
420 1605 620 1653 Parisius
653 1606 813 1670 fugere
835 1612 1104 1670 coegerunt,
1136 1606 1294 1655 fractis
1322 1623 1486 1655 eorum
1511 1607 1663 1655 domi-

264 1681 351 1729 bus
376 1689 421 1729 et
447 1699 611 1730 eorum
632 1682 860 1746 aliquibus
886 1683 1159 1731 interfectis.

788 1807 829 1851 M
848 1806 915 1852 CC
932 1806 1145 1852 LXXXII.

328 1913 441 1976 Cap.
467 1912 655 1960 CXXIII
670 1929 714 1960 a.
735 1941 798 1949 —
815 1914 948 1960 Anno
973 1913 1154 1961 Domini
1181 1912 1233 1960 M⁰
1248 1913 1324 1962 CC⁰
1342 1913 1538 1971 Lxxxn⁰‚
1564 1915 1659 1976 pri-

260 1988 334 2036 die
363 1989 584 2037 kalendas
611 1989 733 2046 maii,
769 1990 986 2037 dominus
1010 1990 1242 2039 Johannes
1268 1990 1326 2037 de
1353 1990 1468 2053 Apia
1495 1996 1658 2037 contra

260 2065 517 2113 Guidonem
544 2066 601 2113 de
633 2066 908 2114 Montefeltri
935 2066 1259 2131 progrediens,
1284 2067 1485 2131 burgum
1501 2067 1660 2114 civita-

257 2141 316 2188 tis
337 2142 535 2188 Forilivii
559 2142 681 2204 capit
702 2142 931 2189 hostiliter
950 2149 996 2190 et
1013 2159 1100 2206 per
1117 2143 1235 2190 hanc
1256 2143 1381 2190 diem
1407 2149 1452 2190 et
1474 2149 1657 2190 noctem

258 2225 529 2282 sequentem
548 2219 670 2266 idem
684 2219 915 2267 Johannes
931 2236 1036 2266 cum
1055 2220 1271 2267 comitiva
1289 2237 1370 2268 sua
1389 2237 1654 2275 remanens,

258 2296 332 2343 die
360 2297 574 2353 crastina,
614 2297 764 2360 prima
798 2297 923 2354 maii,
957 2299 1250 2362 congregatis
1287 2298 1491 2355 aciebus,
1531 2297 1657 2344 ordi-

258 2373 383 2420 navit
408 2380 504 2421 tres
531 2381 706 2421 turmas
736 2375 932 2421 militum
959 2381 1005 2422 et
1031 2392 1169 2422 unam
1196 2375 1407 2438 peditum
1434 2376 1478 2421 in
1506 2375 1655 2438 burgo

255 2450 491 2497 stabiliens
516 2451 559 2497 in
585 2450 781 2498 civitatis
806 2451 934 2498 facie.
959 2452 1047 2498 Sed
1074 2468 1182 2514 pars
1209 2452 1423 2507 adversa,
1449 2457 1543 2497 tam
1570 2467 1655 2513 per

254 2525 403 2588 ipsam
440 2532 621 2589 partem
660 2543 800 2589 quam
839 2543 922 2589 per
955 2527 1089 2585 alias,
1128 2528 1282 2574 emisit
1320 2544 1428 2575 suos
1465 2527 1652 2573 diverso

254 2602 395 2649 modo
438 2603 682 2650 bellatores
724 2608 772 2650 ut
808 2603 911 2665 plus
952 2603 1118 2650 astutia
1163 2620 1303 2666 quam
1337 2604 1455 2650 bello
1492 2609 1650 2666 posset

252 2678 493 2726 dominum
518 2681 774 2727 Iohannem
800 2679 858 2727 de
884 2680 996 2743 Apia
1025 2680 1283 2735 dcbcllare3
1313 2680 1471 2743 sicque
1505 2681 1652 2727 factus

253 2761 322 2802 est
340 2756 602 2820 hujusmodi
623 2757 863 2804 conllictus
884 2757 927 2803 in
947 2774 1039 2820 quo
1061 2757 1225 2805 cecidit
1245 2774 1400 2804 comes
1420 2757 1646 2810 Thadeus‚
