2060 3345
227 307 331 353 1336]
593 310 799 344 RICHARDI
828 311 955 343 SCOTI
982 310 1248 343 CHRONICON.
1584 303 1627 340 39

226 390 601 454 supplementum
619 391 775 453 itaque
794 391 1027 438 exereitus
1045 390 1169 455 regis
1181 389 1359 454 Anglie,
1377 401 1464 437 CCC
1481 388 1629 435 homi—

225 484 308 515 nes
345 468 404 515 de
436 469 579 515 armis
613 483 720 514 cum
755 467 879 514 mille
913 467 1146 530 peditibus
1180 466 1394 515 ducendo
1418 466 1493 513 vel
1523 465 1630 513 mit-

223 544 367 592 tendo
385 545 442 592 ad
466 544 682 608 proprias
703 560 934 607 expensas
950 560 1037 607 per
1053 561 1226 592 annum
1245 545 1481 608 integrum
1498 549 1630 590 tene-

226 622 416 679 buntur,
441 621 540 678 sed,
564 638 686 668 anno
712 626 966 676 transacto,
990 638 1075 668 rex
1098 638 1180 670 seu
1200 638 1336 686 reges
1361 620 1522 684 Anglie
1548 636 1630 667 eos

225 698 310 745 nisi
337 698 395 745 ad
423 715 529 746 suas
556 715 786 762 expensas
812 703 1034 762 poterunt
1061 698 1308 746 retinere1.

289 774 416 822 alt-e.
433 803 497 811 —
513 776 627 823 Cum
645 775 703 822 ad
721 777 967 822 Scotorum
987 775 1204 822 noticiam
1221 775 1486 822 devenisset
1503 774 1629 837 quod

223 868 380 899 comes
419 852 650 899 Namursii
686 868 845 916 regem
881 851 1044 916 Anglie
1083 851 1214 899 tarde
1250 868 1449 914 sequens
1487 850 1630 898 maris

221 928 385 976 Scotici
429 928 567 975 vellet
607 928 855 975 transitum
898 934 1203 992 attemptare,
1247 928 1399 975 eidem
1441 928 1629 975 insidias

222 1011 522 1069 paraverunt,
545 1011 729 1068 partem
755 1005 814 1053 de
841 1005 935 1052 suis
957 1005 1195 1052 mittentes
1218 1011 1324 1052 ante
1347 1006 1518 1068 ipsum,
1543 1005 1628 1051 alia

218 1083 263 1129 in
303 1082 481 1129 insidiis
527 1089 813 1129 remanente.
855 1084 1065 1146 Cumque
1108 1083 1236 1145 ipsos
1280 1082 1624 1145 pertransisset,

218 1160 373 1222 ipsum
410 1176 435 1205 a
472 1165 605 1223 tergo
640 1165 889 1222 sequentes
923 1167 967 1206 et
1003 1159 1044 1206 ei
1086 1176 1192 1206 cum
1227 1159 1325 1206 aliis
1364 1159 1624 1213 obviantes,

219 1236 423 1283 inclusus
460 1236 658 1299 capitur,
698 1237 856 1284 multis
894 1237 1064 1300 captis,
1103 1237 1314 1299 pluribus
1353 1236 1623 1282 interfectis.

220 1315 333 1361 Cum
362 1330 472 1360 vero
498 1329 654 1360 comes
683 1314 845 1361 Moreti
872 1315 1009 1360 vellet
1039 1330 1145 1361 eum
1176 1314 1236 1361 oh
1263 1313 1471 1360 favorem
1503 1312 1627 1376 regis

219 1391 407 1439 Francie
433 1391 632 1437 liberare
659 1398 703 1437 et
728 1391 876 1438 solum
902 1408 1007 1438 cum
1038 1391 1274 1455 octoginta
1301 1391 1491 1438 armatis
1518 1406 1628 1437 con-

218 1468 408 1515 ductum
439 1467 658 1530 preberet
683 1467 852 1521 eidem,
883 1468 925 1514 in
955 1485 1172 1532 regressu
1198 1468 1255 1515 ab
1282 1468 1483 1532 Anglicis
1504 1468 1628 1530 capi-

217 1552 293 1592 tur
326 1562 378 1592 ac
415 1545 509 1592 suis
546 1545 764 1592 omnibus
801 1545 1053 1592 interfectis
1092 1545 1216 1609 regis
1253 1545 1415 1609 Anglie
1453 1545 1626 1592 carceri

219 1623 527 1685 mancipatur.

283 1702 361 1746 95.
381 1728 444 1734 -—
463 1703 559 1747 Hoc
578 1716 699 1746 anno
718 1700 824 1746 vina
846 1699 1034 1747 fuerunt
1048 1700 1109 1746 ita
1124 1699 1286 1756 cruda,
1307 1699 1489 1756 viridia,
1510 1699 1628 1746 indi-

219 1783 349 1841 gesta
371 1777 497 1840 quod
518 1777 597 1823 vix
621 1777 716 1824 bibi
739 1777 837 1825 sine
864 1777 1178 1841 indignatione
1198 1783 1362 1841 gustus
1388 1782 1468 1825 aut
1489 1777 1627 1824 etiam

218 1854 487 1918 gravamine
513 1860 784 1917 potuerunt.

731 1980 771 2025 Μ
793 1979 894 2026 CCC
915 1981 1113 2027 XXXVI.

284 2092 405 2152 96-f.
435 2119 497 2126 —
524 2091 657 2137 Anno
680 2091 862 2138 Domini
883 2106 916 2138 M
937 2104 1022 2140 CCC
1046 2092 1231 2147 XXXV1⁰‚
1262 2093 1516 2156 Philippus,
1543 2109 1625 2140 rex

213 2167 420 2223 Francie,
447 2175 604 2230 partes
623 2175 828 2214 remotas
847 2168 1039 2216 visitans
1064 2169 1196 2232 regni
1219 2169 1306 2226 sui,
1329 2169 1582 2217 honorifice
1601 2189 1625 2217 a

218 2244 396 2292 cunctis
416 2245 680 2291 civitatibus
697 2250 768 2292 est
786 2252 1021 2308 receptuS‚
1041 2263 1241 2309 cumque
1258 2263 1494 2294 summum
1510 2251 1627 2294 Pon-

217 2321 387 2368 tificem
408 2337 513 2368 cum
532 2321 649 2368 duce
668 2321 948 2368 Normannie
968 2322 1062 2369 filio
1083 2339 1167 2369 suo
1188 2323 1499 2387 primogenito
1518 2324 1627 2371 visi-

216 2403 375 2454 tasset,
394 2404 732 2461 susceptusque
744 2398 903 2445 fuisset
916 2416 939 2445 a
952 2416 1071 2462 papa
1086 2401 1290 2447 maximo
1306 2417 1411 2447 cum
1428 2401 1622 2457 honore,

215 2474 374 2522 habito
407 2475 637 2538 colloquio
670 2475 728 2521 de
757 2476 971 2539 passagio
998 2479 1141 2523 Terre
1167 2479 1330 2524 Sancte
1360 2478 1624 2540 auxilioque

216 2553 479 2608 Scotorum,
503 2558 677 2608 utrum,
703 2552 1007 2600 consideratis
1033 2553 1489 2601 confederationihus
1510 2572 1626 2616 quas

216 2629 338 2676 inter
366 2648 414 2677 sc
440 2630 690 2686 habebant,
720 2629 979 2693 specialiter
1007 2648 1032 2677 a
1059 2637 1271 2695 tempore
1299 2631 1494 2694 Philippi
1526 2632 1626 2678 Pul-

273 2788 302 2821 1.
327 2787 382 2822 Cf.
408 2787 697 2834 Walsingham,
722 2789 883 2823 Ilm-(orsa
905 2790 1119 2832 analicana,
1145 2790 1176 2834 I,
1198 2802 1232 2836 p.
1263 2790 1337 2825 wo.
