2060 3345
426 336 470 373 52
798 340 1004 374 RICHARDI
1032 341 1158 373 SCOTI
1186 341 1453 376 CHRONIGON.
1718 340 1822 388 [1340

425 421 500 469 die
540 426 586 468 et
627 420 906 469 Normannie
949 420 1007 467 ad
1051 420 1150 485 ejus
1193 422 1433 471 introitum
1479 422 1824 486 prohibendum

422 497 690 560 dominique
711 496 901 544 Roberti
928 496 986 543 de
1010 498 1270 556 AttrabatO,
1295 499 1490 562 prefecit
1516 499 1668 547 eidem
1688 500 1823 547 classi

421 574 539 621 duos
565 573 847 630 admiralios,
878 573 1122 621 dominum
1156 579 1398 639 Hugonem
1429 576 1604 623 dictum
1636 576 1825 634 Quieret

419 656 464 696 et
484 649 752 696 Nicholaum
773 649 950 697 dictum
977 650 1167 698 Buchet.
1190 653 1415 715 Cumque,
1439 652 1484 698 in
1502 652 1655 716 vigilia
1679 652 1823 700 sancti

417 726 637 773 Johannis
655 726 877 789 Baptiste,
895 743 980 774 rex
997 728 1157 792 Anglie
1174 729 1522 776 transfretasset
1539 734 1824 792 ventumque

417 802 578 849 fuisset
607 802 666 849 ad
700 803 967 850 conflictum
992 810 1096 851 ante
1131 810 1323 867 portum
1350 805 1524 862 Scluse,
1554 805 1701 853 nostri
1728 805 1825 852 bel-

416 877 603 936 latores,
627 879 746 926 bene
773 879 989 943 primitus
1016 897 1066 928 se
1087 881 1328 938 habentes,
1353 882 1434 929 sed
1463 888 1624 946 postea
1651 882 1823 946 repulsi

417 971 500 1018 pre
534 955 832 1004 multitudine
857 958 1286 1019 supervenientium
1314 958 1678 1023 Flamingorum,
1705 964 1824 1006 tam-

416 1030 524 1077 dem
550 1031 796 1079 Nicholaus
822 1033 995 1080 Buchet
1021 1033 1265 1090 occiditur,
1298 1051 1350 1082 ac
1376 1034 1423 1081 in
1448 1034 1673 1098 despectu
1700 1034 1824 1098 regis

416 1106 475 1154 ad
501 1108 673 1156 malum
704 1109 835 1157 navis
872 1110 1174 1173 suspenditur
1198 1117 1430 1174 captoque
1463 1115 1657 1176 Hugone
1687 1111 1823 1168 Quie-

414 1190 502 1241 ret,
526 1185 669 1232 multe
693 1202 837 1233 naves
856 1186 1042 1249 perdite
1066 1187 1253 1235 fuerunt
1279 1194 1325 1236 et
1345 1188 1513 1245 ablate,
1536 1187 1824 1236 Christofora

416 1266 460 1306 et
485 1261 719 1317 Eduarda,
744 1263 868 1326 regis
886 1263 1049 1327 Anglie
1075 1263 1289 1321 navibus,
1320 1264 1640 1312 restauratis&

485 1339 645 1389 132-d.
675 1367 739 1374 —
764 1340 988 1387 Dominus
1014 1340 1247 1388 Robertus
1266 1341 1324 1388 de
1345 1341 1605 1398 Attrabato,
1635 1346 1687 1388 ut
1713 1341 1824 1388 civi-

414 1421 558 1463 tatem
589 1416 733 1463 sancti
764 1416 1018 1464 Audomari
1045 1417 1301 1474 obsideret,
1340 1417 1541 1465 multum
1563 1417 1823 1465 exercitum

414 1493 732 1556 congregavit.
758 1493 843 1551 Qui
870 1493 980 1540 satis
1002 1510 1151 1557 prope
1175 1493 1332 1541 villam
1357 1495 1556 1541 tentoria
1581 1511 1663 1542 sua
1683 1494 1825 1541 collo-

414 1585 523 1616 cans
544 1586 651 1617 cum
671 1570 834 1617 bellico
854 1577 1098 1634 apparatu,
1128 1571 1281 1619 locum
1305 1571 1538 1619 obsidioni
1564 1587 1824 1635 congruum

413 1646 705 1709 explorabat.
735 1651 791 1695 Et
817 1663 923 1694 ecce
958 1648 1054 1695 dux
1079 1648 1348 1713 Burgundie
1381 1649 1458 1712 qui
1490 1665 1579 1711 pro
1614 1648 1825 1696 custodia

411 1722 536 1769 intus
569 1728 685 1780 erat,
726 1722 838 1770 dare
870 1723 1025 1771 locum
1060 1724 1289 1771 obsidioni
1324 1741 1416 1771 non
1452 1724 1685 1772 arbitrans
1719 1741 1823 1772 esse

412 1799 606 1855 bonum,
634 1800 876 1847 summatis
903 1800 1152 1863 oppidanis
1177 1806 1228 1848 ut
1248 1817 1407 1848 secum
1433 1801 1632 1859 exirent,
1664 1801 1823 1849 nolen=

411 1876 540 1924 tibus
577 1876 665 1924 illis
705 1876 850 1935 exire,
898 1894 1008 1941 ymo
1043 1878 1305 1925 dicentibus
1337 1895 1387 1925 se
1422 1878 1541 1926 velle
1574 1883 1823 1942 protegere

412 1953 569 2000 villam
596 1970 745 2009 suam,
771 1970 878 2001 cum
899 1954 994 2001 suis
1021 1971 1141 2018 quos
1167 1955 1368 2002 habebat
1393 1955 1554 2002 exivit.
1586 1958 1642 2002 Et
1667 1954 1822 2018 primo

410 2028 469 2076 ab
494 2028 774 2077 adversariis
807 2047 974 2093 passus
1006 2031 1243 2094 repulsam
1279 2030 1540 2094 periculose
1571 2031 1819 2095 pugnavit.

411 2105 499 2152 Sed
531 2105 622 2152 filio
652 2106 750 2169 ejus
783 2107 994 2170 Philippo
1023 2123 1131 2154 cum
1160 2106 1330 2154 comite
1351 2107 1614 2154 Armeniaci
1652 2107 1699 2153 in
1724 2106 1823 2171 ejus

411 2182 634 2229 auxilium
652 2190 952 2246 properante,
977 2183 1187 2231 inimicos
1215 2184 1374 2248 fugere
1398 2184 1742 2247 compulerunt,
1770 2201 1823 2230 ac

412 2275 558 2321 usque
572 2258 769 2306 tentoria
791 2276 872 2307 sua
890 2259 1126 2307 subsecuti
1147 2260 1192 2306 in
1213 2260 1384 2323 quibus
1405 2260 1644 2323 quiescere
1665 2259 1823 2322 cupie-

412 2334 539 2392 bant,
570 2336 771 2383 tentoria
795 2342 841 2383 et
867 2337 1167 2399 supellectilia
1195 2337 1400 2384 maxime
1426 2336 1584 2385 Jacobi
1610 2335 1668 2383 de
1688 2339 1823 2384 Arte-

411 2411 527 2459 velle
548 2429 601 2459 ac
617 2412 794 2459 domini
817 2413 1010 2460 Roberti
1034 2413 1092 2460 de
1113 2413 1359 2461 Attrabato
1380 2413 1633 2476 rapientes,
1665 2412 1820 2459 omnia

412 2488 510 2552 regi
536 2488 725 2535 Francie
752 2495 1105 2552 presentarunt.

480 2566 637 2613 433-e.
668 2594 731 2602 —-
754 2568 851 2613 Hoc
884 2583 1023 2625 anno,
1055 2584 1139 2614 rex
1172 2566 1351 2631 Anglie‚
1384 2566 1577 2614 collecto
1611 2565 1820 2613 exercitu

461 2732 493 2766 1.
516 2730 568 2768 Ge
594 2731 747 2768 dernier
772 2732 876 2779 trait,
906 2732 971 2779 qui
998 2738 1056 2769 est
1083 2733 1241 2769 raconte'
1272 2741 1435 2778 presque
1463 2732 1559 2767 dans
1588 2732 1642 2767 les
1672 2732 1819 2768 memes

414 2794 556 2825 termes
572 2792 707 2837 parles
732 2792 891 2828 Grandes
914 2793 1149 2837 Chroniques,
1175 2803 1223 2828 ne
1247 2802 1285 2827 se
1307 2796 1443 2827 trouve
1465 2802 1531 2838 pas
1553 2791 1647 2827 dans
1670 2792 1704 2827 la
1724 2791 1820 2827 Con-

416 2848 608 2885 tinuation
629 2849 673 2885 (le
696 2851 915 2887 Gruillaume
937 2850 983 2886 de
1006 2850 1166 2897 Nangis.
