2060 3345
295 292 398 339 1363]
522 297 728 330 RIGHARDI
757 298 883 330 SCOTI
912 297 1120 330 CHRONICI
1148 297 1461 330 CONTINUATIO.
1631 294 1697 329 159

292 376 501 433 bunensi,
531 376 802 424 Carnotensi
826 381 872 423 et
896 376 1181 424 Normannie
1206 375 1454 424 territoriis
1478 375 1698 423 formida-

291 452 414 509 bilis⁷
437 453 561 516 cepit
588 452 766 500 accrius
785 452 919 499 solito
940 452 1168 500 hostiliter
1194 453 1441 501 debachari
1461 452 1699 516 multaque

291 534 441 575 castra
482 545 714 592 occupans
749 528 1068 576 fraudulenter
1108 534 1159 576 ut
1202 530 1368 576 fierent
1408 529 1699 592 receptacula

292 604 542 662 latronum,
562 621 716 652 arcem
734 604 857 651 illam
875 605 1145 652 altissimam
1166 605 1223 653 de
1239 605 1551 654 Roullebrise¹
1569 606 1698 652 inex-

289 681 588 745 pugnabilem
616 697 758 744 super
776 681 969 728 fluvium
989 684 1161 729 Secane
1189 683 1336 730 muris
1353 697 1504 732 XXVIII
1524 681 1698 745 pedum

289 757 604 820 spissitudinis
631 762 947 805 constructam
974 763 1086 806 tunc
1112 758 1370 806 latronibus
1396 758 1595 822 replevit
1619 758 1697 821 qui

288 834 396 881 inde
431 834 589 898 sepius
614 840 916 898 erumpentes
951 840 1104 882 totum
1137 835 1352 899 gallicum
1377 835 1698 886 vulcassinum

287 927 436 973 usque
483 911 542 958 ad
593 911 881 959 Pontisaram
925 912 1262 976 predabantur.
1310 916 1365 960 Et
1406 913 1697 976 breviloquio

288 993 447 1043 utens,
489 988 535 1034 in
576 988 754 1035 cunctis
794 988 1135 1051 prenominatis
1174 988 1423 1036 territoriis
1464 1006 1556 1036 non
1599 995 1698 1036 erat

288 1064 386 1111 fere
412 1064 568 1111 villula
589 1083 614 1112 a
641 1065 930 1128 predonibus
956 1071 1167 1113 vacuata.
1197 1065 1345 1113 Amici
1372 1072 1417 1112 et
1443 1065 1696 1113 adversarii

286 1140 605 1189 indifferenter
630 1141 689 1188 ad
722 1142 1015 1205 spoliandum
1053 1159 1172 1206 quos
1203 1142 1440 1206 brigantes
1473 1142 1696 1190 nobilium

287 1233 369 1264 sue
395 1234 515 1280 pena
541 1218 741 1282 amplius
765 1218 1110 1282 delinquendi2.

353 1297 464 1342 338.
477 1323 540 1330 —
554 1299 646 1343 Isto
660 1313 798 1353 anno,
820 1312 978 1344 comes
992 1294 1260 1360 Andegavie
1274 1295 1554 1351 Ludovicus,
1576 1295 1697 1343 filius

285 1372 409 1436 regis
435 1372 643 1429 Francie‚
673 1372 752 1435 qui
782 1389 870 1436 pro
902 1379 1036 1437 patre
1064 1373 1204 1421 obses
1234 1378 1346 1420 tunc
1377 1372 1624 1420 tenebatur
1650 1372 1695 1418 in

286 1449 497 1513 Angliam
520 1449 670 1496 donec
689 1450 873 1496 omnia3
895 1450 1244 1514 complerentur
1267 1466 1359 1513 que
1382 1450 1428 1496 in
1449 1449 1697 1497 amborum

286 1541 451 1589 regum
478 1525 835 1573 continebantur
855 1531 1074 1580 tractatu,
1106 1526 1223 1573 clam
1247 1526 1422 1573 relictis
1449 1526 1548 1573 aliis
1572 1526 1698 1573 obsi-

286 1601 424 1650 dibus
448 1608 494 1649 et
517 1602 615 1649 sine
636 1603 760 1667 regis
786 1619 1035 1659 consensu,
1060 1602 1198 1650 rediit
1218 1603 1263 1649 in
1280 1603 1537 1659 Franciam‚
1567 1602 1699 1666 cujus

285 1695 522 1726 recessum
557 1679 958 1743 indignantissime
990 1679 1201 1736 audienS‚
1238 1679 1563 1727 excusationes
1598 1678 1697 1742 ejus

284 1754 474 1802 frivolas
501 1755 895 1818 parvipendens4,
925 1755 983 1803 de
1010 1756 1221 1820 neglecto
1243 1758 1513 1818 juramento
1541 1755 1696 1818 ipsum

283 1830 418 1877 valde
444 1830 683 1895 redarguit
708 1838 754 1878 et
780 1831 838 1879 ad
865 1848 1122 1894 numquam
1147 1836 1332 1895 sperata
1361 1836 1568 1878 mentem
1589 1847 1696 1877 ver-

285 1907 356 1954 tit.
399 1911 514 1955 Nam
547 1908 668 1955 circa
700 1908 998 1956 Nativitatem
1037 1909 1221 1956 Domini
1259 1908 1461 1973 generali
1503 1907 1696 1955 consilio

286 1984 506 2032 nobilium
530 1985 819 2048 prelatorum
843 1991 890 2032 et
915 1986 1087 2033 civium
1113 1985 1232 2034 dixit
1257 1985 1386 2049 quod
1412 1986 1458 2032 in
1484 1985 1696 2050 Angliam

334 2134 367 2169 1.
391 2133 625 2180 Rolleboise,
654 2132 962 2181 Seiae-et-Oise,
991 2145 1067 2170 arr.
1090 2134 1136 2171 de
1159 2134 1325 2181 Mamas,
1353 2138 1498 2170 canton
1524 2133 1570 2169 de
1589 2133 1695 2170 Bon-

287 2201 429 2227 meres.

333 2250 366 2286 2.
390 2251 497 2287 Nous
520 2250 792 2297 reproduisons
814 2250 904 2286 telle
924 2249 1061 2297 qu'elle
1083 2261 1123 2287 se
1146 2254 1278 2287 trouve
1299 2250 1396 2287 dans
1418 2250 1452 2286 le
1479 2249 1696 2286 manuscrit

287 2314 387 2345 cette
408 2310 546 2356 phrase
566 2309 960 2356 incomprehensible.

335 2369 368 2405 3.
392 2368 499 2404 Dans
520 2368 554 2405 le
574 2368 790 2405 manuscrit
806 2379 846 2404 se
861 2373 1042 2405 trouvent
1062 2369 1227 2416 inseres,
1248 2374 1358 2406 entre
1378 2370 1434 2405 les
1449 2374 1549 2405 mets
1570 2371 1696 2405 omnia

287 2433 324 2464 et
345 2431 626 2474 complerentur,
650 2428 703 2463 lcs
726 2432 823 2463 mets
851 2427 1037 2472 salvante„
1069 2429 1368 2474 completement
1396 2428 1694 2474 incomprehen-

288 2487 403 2523 sibles
425 2487 487 2533 ici,
510 2494 548 2524 et
568 2487 657 2535 qu’il
682 2500 703 2534 y
724 2498 745 2523 a
766 2487 842 2524 lieu
865 2487 910 2523 de
941 2490 1172 2534 rapprocher
1192 2488 1236 2525 do
1265 2489 1301 2524 la
1328 2490 1466 2536 phrase
1496 2500 1568 2535 que
1599 2499 1695 2523 nous

287 2558 436 2583 venons
457 2547 502 2583 de
531 2548 698 2594 signaler
727 2548 812 2593 plus
839 2548 933 2584 haut
957 2561 963 2582 :
991 2561 1004 2580 «
1028 2548 1258 2584 itinerantes
1281 2548 1420 2595 ubique
1442 2547 1696 2583 intendebant

287 2612 467 2642 tenentes
488 2607 587 2654 apud
615 2618 654 2643 sc
686 2606 968 2653 abJectissimos
998 2607 1167 2643 latrones
1197 2607 1453 2643 nominabant
1483 2617 1578 2653 quos
1606 2607 1695 2642 etsi

289 2665 516 2712 quandoque
538 2665 639 2712 capti
659 2665 1001 2702 incarcerabantur
1020 2665 1181 2712 pristine
1210 2665 1378 2702 libertati
1407 2664 1692 2711 [reddebantur]

290 2729 328 2760 et
349 2725 399 2760 ita
421 2736 467 2761 cx
488 2725 673 2761 facilitate
696 2725 808 2761 venie
830 2725 1032 2761 audaciam
1056 2725 1274 2762 sumebant.
1300 2739 1315 2758 »

338 2784 371 2819 4.
396 2784 466 2820 Ms.
487 2786 760 2830 pervipendens.
