2060 3345
374 549 911 633 RICHARDI
994 550 1313 633 SCOTI

625 745 1059 804 CHRONICON.

656 1096 697 1141 M
712 1095 812 1142 CCC
825 1096 1020 1143 XXVIII.

203 1251 311 1295 ’1.-
328 1249 441 1310 Cap.
463 1245 743 1295 CLXVHw
757 1284 766 1294 .
781 1248 972 1294 —Anno
989 1246 1169 1294 Domini
1183 1246 1538 1304 M⁰CCC⁰XXV111⁰,

135 1325 396 1372 Ludovicus
410 1324 505 1371 dux
517 1323 724 1371 Baioarie
739 1324 863 1387 apud
874 1323 1181 1372 Mediolanum
1195 1329 1444 1372 coronatus
1456 1324 1543 1372 iter

136 1402 331 1465 arripuit
349 1418 514 1448 versus
534 1404 748 1448 Romam.
770 1401 900 1459 Quod
922 1401 1161 1449 audientes
1183 1402 1378 1450 Romani
1394 1402 1540 1466 gavisi

137 1485 243 1527 sunt
266 1485 310 1526 et
329 1479 413 1526 sibi
435 1495 540 1526 cum
567 1478 739 1542 ingenti
759 1478 928 1542 gaudio
947 1484 1268 1535 occurrerunt,
1293 1479 1542 1542 ipsumque

135 1562 412 1603 coronantes
447 1556 492 1602 in
527 1555 717 1602 ecclesia
754 1555 905 1601 Sancti
944 1555 1084 1612 Petri,
1124 1562 1542 1619 consummatoque

135 1632 322 1697 negotio
340 1633 677 1695 imperatorem
698 1631 969 1689 coronandi,
994 1631 1149 1695 ipsum
1167 1632 1225 1679 ad
1243 1633 1398 1697 regale
1416 1633 1543 1696 pala-

133 1710 247 1757 tium
266 1709 607 1773 perduxerunt.
633 1710 840 1772 Cumque
866 1709 911 1755 in
935 1708 1052 1756 urbe
1069 1712 1275 1756 Romana
1300 1726 1386 1772 per
1412 1726 1542 1758 men-

133 1804 233 1834 sem
256 1787 328 1834 vel
356 1786 541 1834 circiter
562 1786 880 1843 remansisset,
906 1792 1212 1834 surrexerunt
1239 1786 1426 1850 quidam
1461 1787 1541 1834 filii

132 1864 338 1928 dyaboli,
362 1863 427 1911 sic
444 1863 651 1910 dicentes
674 1881 682 1909 :
712 1883 731 1907 α
758 1865 826 1910 Ex
845 1880 938 1926 quo
956 1867 1078 1911 Deus
1104 1863 1442 1928 imperatorem
1460 1864 1541 1912 de-

132 1941 200 1989 dit
226 1941 378 1998 nobis,
406 1940 581 1988 bonum
601 1945 671 1988 est
696 1946 745 1987 ut
769 1946 954 2003 patrem
975 1941 1262 2004 spiritualem
1283 1941 1540 1990 habeamus

132 2018 211 2081 qui
233 2017 368 2065 nobis
388 2034 518 2065 more
540 2017 890 2080 precedentium
912 2023 1100 2081 patrum
1120 2018 1375 2081 spiritualia
1393 2018 1541 2066 admi-

131 2095 340 2142 nistret2.
367 2114 386 2139 ›>
408 2094 541 2152 Quod
565 2094 763 2141 verbum
788 2095 871 2141 toti
898 2095 1074 2158 populo
1101 2095 1274 2158 placuit
1297 2096 1458 2158 sicque
1481 2096 1541 2143 ad

131 2171 404 2220 electionem
438 2188 557 2235 pape
589 2187 699 2235 ymo
737 2171 892 2235 potius
927 2172 1147 2236 antipape
1184 2179 1536 2236 processerunt,

179 2327 213 2361 1.
235 2325 355 2361 Notre
377 2328 514 2361 auteur
535 2334 556 2359 a
577 2323 728 2369 adopte,
755 2334 851 2370 pour
877 2328 982 2360 toute
1004 2324 1041 2360 la
1060 2324 1181 2371 partie
1202 2324 1248 2361 de
1271 2326 1307 2361 la
1325 2326 1538 2374 chronique

131 2384 221 2431 qu'il
242 2396 264 2420 a
285 2383 493 2430 remanide,
510 2388 594 2419 tant
609 2383 655 2418 de
671 2382 816 2419 Gerard
837 2383 881 2419 de
902 2383 1069 2420 Frachet
1089 2396 1164 2431 que
1184 2384 1233 2420 du
1255 2385 1539 2423 Continuateur

131 2443 175 2479 de
196 2443 416 2479 Guillaume
437 2442 481 2478 de
507 2442 670 2489 Nangis,
700 2452 775 2477 une
804 2441 968 2478 dlvision
998 2452 1047 2478 en
1079 2444 1273 2490 chapitres
1294 2449 1330 2480 et
1358 2455 1407 2480 en
1428 2456 1536 2492 para—

131 2503 294 2549 graphes
321 2513 393 2549 que
421 2513 519 2538 nous
547 2513 666 2538 avons
688 2512 756 2537 cru
785 2500 876 2536 utile
904 2501 948 2537 de
976 2502 1211 2548 reproduire.
1243 2503 1317 2540 Les
1345 2504 1538 2550 chapitres

131 2567 218 2597 sont
231 2561 410 2609 designes
431 2572 498 2608 par
518 2560 584 2597 des
606 2560 759 2597 chiffres
782 2560 951 2596 romains
972 2566 1010 2597 et
1031 2562 1084 2597 les
1105 2563 1366 2609 paragraphes
1386 2574 1451 2608 par
1471 2563 1536 2598 des

132 2619 277 2656 lettres.
299 2621 355 2655 La
375 2620 496 2666 partie
512 2630 585 2666 que
601 2631 698 2655 nous
714 2618 907 2665 publions,
929 2630 1023 2666 pour
1043 2620 1098 2656 les
1119 2622 1265 2658 annees
1283 2621 1371 2657 113‘38
1393 2622 1414 2657 ’ξι
1434 2622 1535 2665 1344,

134 2678 278 2714 s'eteud
297 2679 346 2714 du
368 2679 478 2726 chap.
503 2691 635 2715 cnxvm
652 2680 670 2714 b
692 2690 739 2716 au
762 2679 871 2725 cliap.
895 2683 1096 2725 ‹mxxxwst

180 2739 214 2774 2.
238 2739 309 2774 ΜΞ.
332 2741 594 2775 amministrat.

275 2807 288 2838 I
1375 2806 1389 2840 1
