2060 3345
457 382 502 418 22
832 379 1037 413 mamam
1063 379 1189 411 scon
1216 378 1479 412 cHRoNicON.
1746 378 1850 425 [1330

458 464 599 512 totius
616 463 720 511 facti
739 460 938 516 conscia,
959 463 1008 506 ut
1033 476 1059 505 a
1084 459 1294 522 pluribus
1321 459 1575 516 dicebatur,
1599 464 1772 508 tractus
1792 460 1849 507 ad

458 540 628 588 caudas
653 552 880 601 equorum
905 551 991 599 per
1016 535 1266 593 civitatem,
1295 536 1626 598 confessusque
1651 542 1852 584 mortem

458 614 660 664 Eduardi
699 627 839 675 quam
873 611 1253 673 procuraverat&
1290 612 1434 675 patris
1467 611 1637 659 scilicet
1671 611 1852 675 juvenis

457 691 658 740 Eduardi
681 689 821 736 modo
842 688 983 752 regis,
1006 688 1320 751 suspenditur,
1341 689 1434 735 filio
1448 689 1594 752 ipsius
1608 688 1654 735 in
1669 705 1852 736 carcere

458 770 740 817 remanente,
766 781 1009 827 usquequo
1030 781 1115 812 rex
1134 771 1180 812 et
1202 765 1402 812 barones
1418 765 1578 828 Anglie
1605 782 1746 828 super
1765 766 1854 812 hoc

458 842 638 907 plenius
663 840 971 888 ordinassent.
1001 841 1191 905 Regina,
1221 857 1407 903 quoque
1433 841 1491 889 de
1523 840 1741 888 mandato
1773 841 1853 888 filii

458 919 527 966 sui
547 918 670 982 regis
689 923 735 964 et
753 917 997 974 baronum,
1023 918 1070 964 in
1089 917 1290 980 quodam
1308 923 1460 964 castro
1481 918 1566 965 sub
1587 923 1685 965 tuta
1701 922 1855 965 custo-

459 996 533 1043 dia
559 995 793 1042 detinetur
808 996 844 1041 2.

525 1086 650 1130 50-0.
685 1110 749 1118 —
784 1085 951 1139 Quarta
992 1081 1067 1128 die
1099 1081 1312 1145 januarii,
1343 1081 1534 1129 audiens
1574 1098 1695 1145 papa
1729 1082 1856 1144 quod

459 1164 664 1208 Bavarus
679 1158 1058 1206 convocationem
1073 1158 1324 1221 quamdam
1341 1158 1510 1205 fecerat
1528 1158 1573 1204 in
1588 1158 1856 1205 Alemannia

460 1234 771 1298 quorumdam
797 1233 1021 1280 nobilium
1047 1237 1094 1280 et
1118 1233 1345 1280 baronum
1372 1240 1417 1280 et
1442 1234 1577 1280 aliam
1602 1239 1710 1296 post
1729 1233 1857 1280 Puri-

460 1312 719 1359 ficationem
755 1309 904 1356 facere
939 1309 1249 1372 proponebat,
1287 1309 1460 1356 idcirco
1491 1310 1668 1356 monuit
1702 1310 1855 1372 ipsum

460 1388 518 1435 de
544 1404 636 1434 non
667 1385 877 1432 faciendo
916 1391 961 1432 et
1000 1401 1162 1431 omnes
1198 1384 1255 1431 de
1290 1402 1382 1431 non
1413 1387 1627 1443 essendo,
1669 1386 1706 1433 si
1742 1402 1856 1432 vero

460 1480 593 1511 secus
609 1462 829 1517 facerent,
853 1461 1344 1508 excommunicationis
1359 1462 1633 1509 sententiam
1653 1463 1858 1509 incurre—

459 1547 564 1587 rent
590 1540 692 1602 ipso
718 1538 856 1585 facto,

525 1629 604 1674 54.
633 1654 696 1662 -—
721 1626 851 1674 Circa
870 1625 995 1673 idem
1021 1631 1208 1688 tempus
1227 1625 1342 1672 obiit
1367 1625 1743 1689 archiepiscopus
1768 1628 1859 1673 Ro-

459 1703 774 1767 thomagensis
789 1703 860 1750 cui
875 1702 1271 1750 successitPetrus
1286 1702 1471 1766 Rogerii
1484 1702 1858 1766 archiepiscopus

459 1779 755 1828 Senonensis.

526 1868 604 1916 52.
628 1895 691 1903 -—
710 1870 832 1930 Papa
858 1867 1088 1916 Johannes
1113 1867 1236 1914 misit
1263 1866 1533 1931 dignitatem
1561 1866 1857 1929 episcopatus

460 1943 781 1993 Noviomensis
829 1948 938 1991 tunc
986 1949 1226 1990 vacantem
1276 1943 1465 1990 domino
1515 1943 1754 1991 Guillelmo
1799 1942 1858 1989 de

461 2023 624 2068 Sancta
650 2023 820 2076 Maura,
850 2020 1128 2067 Turonensis
1154 2019 1411 2082 dyocesis3,
1441 2018 1712 2066 cancellario
1735 2019 1859 2082 regis

462 2097 541 2159 qui
573 2101 683 2143 tunc
708 2112 811 2143 eam
837 2096 984 2143 noluit
1009 2101 1266 2159 acceptare,
1297 2096 1454 2159 sicque
1478 2112 1580 2143 eam
1606 2112 1726 2159 papa
1751 2112 1859 2142 con-

509 2256 540 2289 1.
567 2267 582 2287 «
606 2254 848 2290 Proditiones
869 2259 907 2290 et
928 2254 1117 2290 maleficia
1132 2254 1331 2291 confessus
1347 2259 1404 2290 est
1420 2259 1457 2290 et
1472 2254 1640 2290 maxime
1661 2253 1705 2289 de
1726 2264 1858 2300 procu-

463 2312 611 2349 ratione
640 2313 739 2359 regis
768 2313 935 2349 Eduardi
959 2327 973 2347 »
995 2313 1163 2356 (Gontin.
1188 2313 1232 2349 de
1254 2313 1474 2349 Guillaume
1501 2313 1545 2349 de
1570 2312 1730 2359 NangiS,
1756 2318 1780 2348 t.
1804 2313 1858 2358 II,

461 2382 497 2418 p.
527 2371 626 2416 120);
659 2385 674 2404 «
704 2377 740 2407 et
771 2372 946 2408 confessa
974 2372 1065 2418 qu'il
1095 2373 1197 2409 avoit
1226 2362 1386 2418 procure
1416 2372 1451 2407 la
1478 2377 1579 2407 mort
1608 2371 1812 2408 d'Edouart
1843 2386 1856 2405 »

465 2430 639 2475 (Grandes
663 2431 898 2475 Chronz'quffl,
924 2437 951 2466 t.
975 2431 1024 2476 V,
1045 2442 1081 2477 p.
1105 2431 1199 2477 341).

509 2488 543 2524 ⁶2.
566 2488 621 2523 Cf.
644 2489 726 2524 Aciae
745 2490 963 2533 Murimuth,
992 2490 1228 2525 Continuatio
1248 2491 1521 2533 chronicarum,
1545 2500 1580 2535 p.
1603 2488 1648 2524 62
1669 2488 1691 2524 ἐι
1712 2488 1770 2525 64.

510 2546 543 2582 3.
570 2560 584 2580 «
608 2547 867 2582 Tornacensis
896 2547 1059 2583 diocesis
1081 2561 1096 2580 »
1120 2547 1287 2591 (Contin.
1310 2547 1355 2583 de
1385 2545 1604 2582 Guillaume
1625 2545 1669 2581 de
1695 2546 1858 2593 Nangis,

464 2612 489 2641 t.
510 2605 564 2650 Π,
586 2616 621 2651 p.
646 2605 745 2648 122);
771 2620 785 2638 «
809 2605 853 2641 de
874 2606 909 2641 la
929 2606 1092 2653 dyocese
1113 2606 1158 2642 de
1179 2607 1362 2653 Tournay
1383 2619 1397 2639 »
1423 2607 1596 2650 (Grandes
1620 2606 1855 2650 Gltrom'ques,

464 2670 490 2700 t.
514 2664 563 2711 V,
584 2676 620 2711 p.
643 2665 734 2705 342).
758 2664 977 2700 Guillaume
1003 2665 1048 2701 de
1079 2665 1375 2712 &unte-Maure,
1397 2666 1551 2700 nomme
1578 2664 1795 2700 chancelier
1815 2664 1859 2699 de

464 2722 613 2759 France
643 2723 676 2759 le
705 2723 756 2758 ter
781 2722 907 2769 juillet
934 2724 1037 2770 1320,
1059 2724 1162 2760 avait
1192 2725 1250 2761 ete
1280 2723 1403 2771 doyen
1433 2723 1477 2760 de
1508 2722 1783 2758 Saint-Martin
1813 2723 1857 2758 de

466 2782 602 2818 Tours.
