2060 3345
223 313 320 359 1364]
442 318 646 349 RICHARDI
676 317 802 348 SCOTI
830 316 1036 349 CHRONICI
1066 317 1372 350 CONTINUATIO.
1545 315 1609 351 163

214 396 421 458 precepit
445 398 615 443 Secane
638 395 831 442 fluvium
854 395 1031 443 viribus
1052 396 1303 444 observare
1327 400 1378 443 ut
1401 396 1612 443 victualia

213 472 319 518 hinc
347 477 392 518 et
424 472 530 519 inde
563 487 723 519 secure
758 477 950 534 possent
982 471 1194 528 defferri3
1223 471 1299 535 qui
1328 472 1611 536 perficiendo

214 550 482 597 mandatum
510 550 649 597 multa
671 548 1002 612 impedimenta
1023 567 1047 595 a
1072 549 1358 612 predonibus
1385 550 1464 614 qui
1483 550 1612 597 inex-

215 626 511 690 pugnabilem
525 626 691 674 turrim
704 626 761 672 de
778 625 1092 672 Roulleboise¹
1115 626 1434 674 custodiebant
1450 633 1614 690 poten-

212 703 406 757 tissime,
432 703 740 767 pertulerunt.
766 705 868 765 lpse
888 707 1043 748 autem
1064 705 1349 750 Bertrannus
1370 719 1474 750 cum
1496 705 1614 751 mili-

212 781 275 827 tia
300 781 511 828 terrestri
538 779 832 842 expeditione
860 784 1039 826 turrem
1065 778 1188 825 illam
1214 779 1430 827 obsidere
1454 781 1615 827 statuit

212 862 258 903 et
291 856 404 904 duni
434 861 746 920 preparantur
778 861 824 902 et
856 855 1183 902 continuantur
1214 856 1432 913 assultus,
1463 858 1616 904 consi-

212 933 323 980 lium
356 949 462 980 cum
495 932 736 980 Guillelmo
769 931 827 979 de
862 932 1024 979 Alneto
1056 936 1102 977 et
1134 931 1375 979 Guillelmo
1401 932 1459 980 de
1491 937 1616 981 Mau-

212 1010 343 1057 niaco
368 1010 562 1072 aliisque
587 1009 747 1057 decem
776 1009 995 1056 militibus
1016 1008 1177 1056 habuit
1202 1009 1399 1071 qualiter
1420 1012 1615 1073 perfice-

210 1094 341 1134 retur
351 1103 470 1150 opus
476 1086 658 1151 jussum
670 1087 687 1114 2
702 1105 712 1143 3
730 1086 854 1149 quod
869 1091 1025 1133 tamen
1038 1101 1123 1149 per
1133 1086 1375 1133 consilium
1387 1087 1610 1134 Guillelmi

211 1163 269 1210 de
295 1163 458 1211 Alneto
484 1163 568 1210 fuit
595 1163 747 1209 taliter
773 1168 1165 1210 consummatum.
1202 1165 1321 1210 Sane
1354 1180 1504 1226 prope
1530 1164 1616 1210 vil-

211 1240 301 1286 lam
315 1239 529 1287 Medunte
546 1239 837 1295 accedentes,
859 1238 971 1286 dum
990 1256 1038 1286 se
1052 1239 1234 1303 fingunt
1248 1239 1305 1286 ad
1323 1239 1615 1287 obsidionem

210 1317 353 1364 turris
373 1316 430 1363 de
451 1316 777 1380 Roulleboyse,
808 1317 1084 1380 precipuum
1105 1316 1150 1362 in
1171 1316 1362 1364 Francia
1383 1316 1615 1364 latronum

210 1393 570 1455 receptaculum,
596 1393 827 1450 anhelare,
853 1407 951 1440 xxx
972 1410 1029 1439 ex
1051 1394 1144 1440 suis
1170 1392 1358 1441 mittunt
1384 1394 1428 1440 in
1456 1394 1615 1442 habitu

210 1474 540 1526 mercatorum,
576 1469 936 1517 vinicultorum3
973 1476 1019 1517 et
1059 1475 1302 1534 pastorum
1338 1471 1418 1534 qui
1455 1471 1616 1518 introi-

210 1551 310 1592 tum
349 1546 454 1592 ville
495 1546 721 1593 instanter
765 1553 1042 1609 poscerent3
1087 1547 1212 1609 quod
1257 1547 1415 1595 libenti
1460 1548 1615 1595 animo

209 1641 233 1669 a
270 1622 542 1670 custodibus
578 1628 823 1686 portarum
862 1623 1075 1687 ignarum
1117 1623 1219 1687 (sic)
1259 1631 1475 1671 comento
1510 1641 1616 1672 ver-

210 1701 328 1748 sutie
373 1700 671 1763 [concessum
716 1701 831 1764 est].
881 1701 971 1749 Sed
1021 1717 1127 1748 cum
1171 1701 1267 1765 jam
1313 1708 1513 1764 quatuor
1558 1719 1615 1749 ex

208 1776 338 1839 ipsis,
375 1777 495 1824 inter
530 1793 648 1839 quos
683 1778 850 1825 tertius
885 1777 968 1824 fuit
1003 1778 1230 1825 Olivcrius
1265 1778 1322 1826 de
1358 1779 1610 1835 Mauniaco,

209 1853 366 1916 pontis
413 1853 621 1901 medium
670 1870 773 1901 cum
820 1854 1045 1918 quadriga
1089 1856 1308 1902 onerata4
1347 1855 1615 1920 ingentique

258 1984 290 2018 1.
321 1983 542 2019 Rolleboise
575 1983 677 2019 avait
711 1984 811 2020 alors
844 1995 939 2030 pour
971 1984 1163 2031 capitaine
1196 1985 1366 2021 Wanter
1399 1985 1537 2021 Strael.
1570 2005 1617 2012 -

210 2041 369 2089 D’apres
382 2054 433 2077 un
449 2047 533 2079 acte
548 2041 595 2077 du
613 2042 785 2090 dauphin
801 2043 970 2089 Charles,
990 2043 1118 2090 publie
1135 2056 1202 2091 par
1217 2045 1269 2080 M.
1284 2045 1404 2091 Luce,
1418 2044 1478 2079 Du
1495 2044 1615 2080 Grues-

210 2101 287 2137 clin
309 2101 402 2137 etait
421 2101 563 2137 devant
585 2106 685 2137 cette
708 2102 816 2148 place
838 2102 872 2138 le
893 2102 911 2137 4
936 2102 1032 2139 avril
1056 2103 1145 2139 4364
1169 2103 1227 2149 (cf.
1255 2103 1295 2139 S.
1320 2104 1438 2150 Luce,
1462 2105 1552 2139 [list.
1576 2104 1615 2138 (Ic

211 2163 265 2196 Du
287 2161 466 2203 Guesclz'n,
491 2172 527 2207 p.
551 2161 616 2196 417
639 2166 676 2197 et
698 2161 793 2205 59⁶2).

256 2219 289 2255 2.
417 2233 431 2254 «
456 2220 677 2256 Guillaume
699 2220 743 2256 de
765 2220 942 2267 Lannoy,
965 2232 1018 2256 un
1039 2221 1235 2257 chevalier
1257 2222 1412 2269 gentils,

414 2278 464 2314 Et
485 2284 594 2314 autre
616 2278 845 2324 chevaliers,
869 2289 916 2314 ne
938 2289 1006 2325 say
1026 2290 1075 2315 ou
1096 2291 1131 2315 ix
1154 2290 1201 2315 ou
1223 2279 1300 2326 dix,

416 2337 463 2372 Et
485 2337 649 2373 Bertran
670 2336 714 2372 de
737 2336 914 2383 Claquin,
936 2337 1000 2384 qui
1021 2343 1105 2373 tant
1126 2338 1162 2373 su
1187 2338 1390 2385 seignoris‚

417 2394 582 2432 Alerent
602 2396 623 2431 a
644 2395 809 2438 conseil;
834 2395 1032 2432 ensenible
1054 2407 1093 2432 se
1115 2401 1202 2433 sont
1222 2397 1295 2433 mis

418 2455 520 2491 Pour
542 2455 671 2491 Manto
694 2459 939 2501 conquester,
960 2466 1036 2490 unc
1059 2455 1147 2492 ville
1168 2456 1213 2492 (le
1235 2457 1325 2503 pris.
1353 2472 1367 2490 n

489 2514 691 2559 (Cuvelier,
714 2515 920 2558 Chronique
941 2517 982 2550 de
1002 2517 1058 2550 Du
1079 2517 1260 2559 Guesccm,
1285 2516 1374 2552 odit.
1398 2516 1614 2561 Cliarriere,

588 2579 615 2608 t.
638 2573 669 2619 Ι,
692 2585 726 2619 p.
752 2573 846 2619 434.)

261 2632 292 2667 3.
419 2646 433 2664 «
458 2630 494 2668 A
515 2632 564 2668 loi
585 2632 629 2668 de
652 2632 888 2678 vingnerons
909 2644 957 2669 en
979 2645 1000 2669 a
1020 2645 1095 2669 xxx
1118 2634 1237 2670 vestis

418 2692 532 2728 Ainsi
555 2703 626 2728 con
649 2692 863 2739 vingneron
887 2703 925 2728 sc
948 2692 1124 2729 tiennent
1146 2704 1193 2730 ou
1214 2697 1310 2741 pals.
1336 2708 1351 2727 »

1263 2754 1387 2798 (Ibat,
1410 2766 1444 2800 p.
1469 2754 1565 2800 ¹135.)

261 2801 292 2834 4.
318 2799 391 2834 Ms.
416 2801 606 2836 honorata.
