2060 3345
409 378 452 413 ‘28
786 378 993 412 RIGIIARDI
1021 376 1147 410 SCOTI
1175 376 1438 410 CHRONICON.
1703 374 1804 421 [1331

408 459 614 515 Francie‚
641 459 761 505 ssexo
779 474 917 521 genu,
943 473 1049 503 cum
1063 456 1219 503 multis
1244 455 1496 503 baronibus
1518 472 1678 519 regem
1702 473 1808 504 cum

407 536 629 583 instancia
642 535 877 598 petierunt
895 533 1111 595 quatinus
1129 532 1461 580 concederetur
1476 532 1599 579 dicto
1616 532 1805 580 domino

410 613 613 661 Robcrto
640 609 796 658 dilatio
823 609 1106 671 supradicta,
1136 609 1350 671 bonaque
1376 608 1523 671 ipsius
1541 624 1633 655 non
1655 615 1811 656 essent

412 688 606 735 durante
632 686 833 733 termino
856 685 1122 741 confiscata,
1153 685 1279 748 quod
1306 701 1389 732 rex
1410 684 1638 732 concessit
1664 701 1811 747 usque

410 764 467 811 ad
493 778 704 810 mensem
730 761 837 808 maii
859 761 917 808 de
939 761 1088 825 gratia
1106 761 1291 824 speciali
1309 761 1343 807 1.
1370 765 1419 808 ln
1444 759 1678 823 presentia
1697 776 1813 822 quo-

409 855 500 901 que
540 838 664 902 regis
705 837 907 900 quedam
950 837 1190 884 domicella
1235 837 1351 884 dixit
1397 852 1591 883 uxorem
1635 835 1809 882 domini

408 914 615 971 Roberti‚
637 930 846 961 sororem
872 914 995 978 regis
1011 914 1218 971 Francie,
1243 913 1391 977 magis
1412 929 1513 959 esse
1533 912 1807 975 culpabilem

408 1006 546 1052 quam
569 989 789 1036 maritum
805 990 841 1036 2.

474 1072 593 1132 67-f.
612 1074 846 1118 —Frater
864 1073 1042 1127 Petrus,
1061 1070 1118 1116 de
1139 1069 1324 1125 Palude,
1350 1069 1608 1132 patriarcha
1628 1073 1812 1117 Jerusa-

411 1149 515 1204 lem,
549 1147 734 1195 rediens
759 1165 784 1193 a
814 1147 1029 1202 Soldauo,
1063 1146 1119 1193 ad
1148 1163 1287 1208 quem
1310 1146 1480 1192 missus
1508 1145 1675 1200 fuerat,
1709 1162 1813 1191 nar-

408 1224 554 1272 rando
580 1223 937 1271 obstinationem
954 1222 1140 1270 Soldani
1154 1227 1314 1269 contra
1326 1221 1625 1277 Christianos,
1650 1221 1696 1267 in
1712 1226 1812 1267 tan-

409 1308 507 1348 tum
546 1300 797 1346 commovit
830 1298 1117 1346 voluntatem
1148 1298 1272 1362 regis
1304 1304 1349 1344 et
1381 1298 1609 1344 baronum
1640 1302 1691 1344 ut
1722 1313 1810 1359 pro

408 1376 759 1439 recuperatione
794 1381 919 1422 terre
963 1381 1118 1421 sancte
1161 1373 1499 1421 concordarent
1531 1372 1812 1420 unanimiter

409 1453 727 1500 transfretare.
744 1451 875 1509 Quod
889 1450 1052 1498 videns
1070 1467 1280 1497 summus
1298 1449 1525 1506 Pontifex,
1541 1449 1599 1495 ad
1619 1465 1813 1511 reques-

409 1537 502 1577 tam
542 1529 665 1592 regis
699 1528 904 1584 Francie,
938 1526 1175 1574 mandavit
1207 1532 1252 1573 et
1285 1525 1516 1572 commisit
1549 1524 1810 1588 patriarche

411 1606 718 1668 omnibusque
749 1604 848 1651 aliis
886 1603 1077 1667 prelatis
1110 1602 1327 1666 quatinus
1357 1602 1402 1649 in
1434 1601 1546 1649 locis
1578 1601 1671 1648 suis
1707 1617 1812 1648 cru-

411 1699 511 1730 cem
547 1681 843 1745 predicarent
881 1697 933 1727 ac
968 1679 1198 1743 predicari
1241 1679 1443 1726 facerent
1484 1678 1808 1734 admonentes,

411 1759 752 1822 crucesignatos
779 1763 829 1803 ut
854 1757 913 1803 ad
941 1754 1336 1803 transfretandum
1364 1771 1413 1801 se
1440 1771 1526 1817 pro
1559 1770 1697 1816 posse
1729 1770 1813 1801 suo

411 1835 632 1883 velociter
658 1839 982 1897 prepararent.

477 1919 554 1963 68.
583 1944 646 1952 —
667 1916 904 1978 Philippus
929 1931 1012 1961 rex
1039 1919 1273 1961 monetam
1293 1919 1427 1961 antea
1453 1913 1587 1960 valde
1613 1912 1813 1960 mutabi-

412 1994 503 2040 lem
528 1994 573 2039 in
600 1998 720 2039 statu
746 1991 901 2054 posuit
924 1991 1120 2037 meliori.
1152 1990 1390 2038 Ordinavit
1413 1989 1536 2036 enim
1559 1989 1685 2052 quod
1708 2006 1816 2053 par-

414 2086 499 2116 vus
517 2070 721 2116 ssorenus
742 2084 833 2114 non
851 2067 1025 2114 valeret
1043 2067 1129 2114 nisi
1143 2067 1304 2114 decem
1323 2065 1495 2113 solidos
1512 2065 1810 2129 parisienses,

414 2146 591 2208 alieque
613 2150 797 2192 monete
817 2144 876 2191 de
901 2160 1015 2190 auro
1042 2142 1297 2190 secundum
1321 2142 1410 2190 tale
1431 2143 1659 2205 precium.
1689 2145 1815 2190 Unus

414 2238 604 2286 grossus
629 2227 825 2268 turonus
851 2220 1031 2284 argenti
1063 2236 1232 2266 novem
1256 2219 1537 2266 Parisienses
1564 2235 1737 2282 parvos
1771 2225 1816 2264 et

415 2314 589 2361 parvus
614 2297 831 2344 denarius
866 2297 943 2359 qui
973 2296 1156 2344 valebat
1188 2296 1307 2344 duos
1343 2296 1530 2344 reduxit
1559 2295 1618 2342 ad
1650 2311 1812 2351 unum,

464 2467 496 2501 ¹1.
520 2465 638 2501 Notre
668 2469 804 2500 auteur
832 2470 997 2500 commeta
1029 2464 1077 2500 ici
1106 2475 1181 2500 une
1208 2474 1339 2500 erreur
1359 2463 1404 2498 de
1425 2462 1511 2498 date
1532 2461 1599 2509 qui
1620 2472 1659 2497 se
1681 2467 1816 2497 trouve

416 2522 635 2570 egalement
655 2521 750 2557 dans
772 2522 805 2558 le
827 2521 1105 2558 Continuateur
1125 2522 1169 2557 de
1187 2521 1407 2558 Guillaume
1427 2520 1472 2555 de
1492 2519 1640 2566 Nangis
1663 2524 1699 2555 et
1720 2519 1817 2554 dans

417 2583 471 2617 les
503 2582 663 2619 Grandes
696 2582 930 2624 Glzronz'ques.
966 2581 1017 2616 Le
1051 2585 1173 2616 terme
1206 2580 1255 2615 du
1294 2578 1505 2626 quatrieme
1545 2578 1817 2624 ajournement

418 2641 578 2679 accord&
598 2640 620 2676 ἐι
640 2640 785 2676 Robert
805 2638 975 2675 d'Artois
996 2640 1088 2675 etait
1110 2639 1142 2675 le
1164 2640 1183 2675 8
1205 2638 1301 2675 avril
1323 2638 1425 2674 1332.

464 2705 499 2740 2.
521 2703 572 2739 Ge
598 2703 750 2739 dernier
771 2703 873 2749 trait,
896 2703 959 2750 qui
983 2713 1149 2750 manque
1170 2703 1265 2739 dans
1286 2703 1320 2739 le
1339 2702 1618 2739 Continuateur
1638 2701 1683 2737 de
1705 2702 1817 2737 Guil-

420 2764 546 2799 laume
576 2762 620 2798 de
649 2762 812 2809 Nangis,
841 2773 880 2798 se
910 2767 1043 2798 trouve
1074 2762 1175 2798 aussi
1205 2762 1300 2798 dans
1330 2762 1384 2797 les
1412 2762 1573 2798 Grandes
1594 2761 1815 2805 Glzrontques

423 2825 460 2867 (t.
484 2822 532 2867 V,
553 2834 585 2869 p.
615 2821 708 2867 348).
