<?xml version="1.0" encoding="UTF-8"?>
<!DOCTYPE html PUBLIC "-//W3C//DTD XHTML 1.0 Transitional//EN"
    "http://www.w3.org/TR/xhtml1/DTD/xhtml1-transitional.dtd">
<html xmlns="http://www.w3.org/1999/xhtml" xml:lang="en" lang="en">
 <head>
  <title>
</title>
<meta http-equiv="Content-Type" content="text/html;charset=utf-8" />
  <meta name='ocr-system' content='tesseract 3.04.00' />
  <meta name='ocr-capabilities' content='ocr_page ocr_carea ocr_par ocr_line ocrx_word'/>
</head>
<body>
  <div class='ocr_page' id='page_1' title='image "./chroniquedericha00lescuoft_0158.png"; bbox 0 0 2060 3345; ppageno 0'>
   <div class='ocr_carea' id='block_1_1' title="bbox 393 349 1783 397">
    <p class='ocr_par' dir='ltr' id='par_1_1' title="bbox 393 349 1783 397">
     <span class='ocr_line' id='line_1_1' title="bbox 393 349 1783 397; baseline 0 -12"><span class='ocrx_word' id='word_1_1' title='bbox 393 349 435 386; x_wconf 80' lang='grc'>84</span> <span class='ocrx_word' id='word_1_2' title='bbox 627 353 831 385; x_wconf 78' lang='lat' dir='ltr'>RICHARDI</span> <span class='ocrx_word' id='word_1_3' title='bbox 860 351 985 384; x_wconf 87' lang='lat' dir='ltr'>SCOTI</span> <span class='ocrx_word' id='word_1_4' title='bbox 1014 351 1220 384; x_wconf 85' lang='lat' dir='ltr'>CHRONICI</span> <span class='ocrx_word' id='word_1_5' title='bbox 1248 352 1556 385; x_wconf 84' lang='lat' dir='ltr'>CONTINUATIO.</span> <span class='ocrx_word' id='word_1_6' title='bbox 1679 350 1783 397; x_wconf 79' lang='grc'>[1349</span> 
     </span>
    </p>
   </div>
   <div class='ocr_carea' id='block_1_2' title="bbox 383 429 1788 2169">
    <p class='ocr_par' dir='ltr' id='par_1_2' title="bbox 385 429 1786 948">
     <span class='ocr_line' id='line_1_2' title="bbox 389 429 1785 494; baseline -0.001 -15"><span class='ocrx_word' id='word_1_7' title='bbox 389 446 488 479; x_wconf 83' lang='grc' dir='ltr'>ΧΧΙΙ</span> <span class='ocrx_word' id='word_1_8' title='bbox 530 432 692 479; x_wconf 89' lang='lat' dir='ltr'>dentes</span> <span class='ocrx_word' id='word_1_9' title='bbox 740 446 869 476; x_wconf 90' lang='lat' dir='ltr'>more</span> <span class='ocrx_word' id='word_1_10' title='bbox 909 429 1187 477; x_wconf 88' lang='lat' dir='ltr'>habuerunt.</span> <span class='ocrx_word' id='word_1_11' title='bbox 1232 433 1288 478; x_wconf 86' lang='lat' dir='ltr'>Et</span> <span class='ocrx_word' id='word_1_12' title='bbox 1325 430 1568 494; x_wconf 88' lang='lat' dir='ltr'>protdolor</span> <span class='ocrx_word' id='word_1_13' title='bbox 1602 447 1660 477; x_wconf 85' lang='lat' dir='ltr'>ex</span> <span class='ocrx_word' id='word_1_14' title='bbox 1701 431 1785 478; x_wconf 89' lang='lat' dir='ltr'>hac</span> 
     </span>
     <span class='ocr_line' id='line_1_3' title="bbox 388 505 1784 554; baseline 0 -2"><span class='ocrx_word' id='word_1_15' title='bbox 388 507 687 554; x_wconf 69' lang='lat' dir='ltr'>renovatione</span> <span class='ocrx_word' id='word_1_16' title='bbox 721 523 812 552; x_wconf 89' lang='lat' dir='ltr'>non</span> <span class='ocrx_word' id='word_1_17' title='bbox 844 511 914 552; x_wconf 87' lang='lat' dir='ltr'>est</span> <span class='ocrx_word' id='word_1_18' title='bbox 945 505 1146 553; x_wconf 89' lang='lat' dir='ltr'>mundus</span> <span class='ocrx_word' id='word_1_19' title='bbox 1179 512 1382 554; x_wconf 84' lang='lat' dir='ltr'>mutatus</span> <span class='ocrx_word' id='word_1_20' title='bbox 1408 506 1453 552; x_wconf 90' lang='lat' dir='ltr'>in</span> <span class='ocrx_word' id='word_1_21' title='bbox 1486 506 1647 553; x_wconf 85' lang='lat' dir='ltr'>melius</span> <span class='ocrx_word' id='word_1_22' title='bbox 1678 523 1784 553; x_wconf 90' lang='lat' dir='ltr'>nam</span> 
     </span>
     <span class='ocr_line' id='line_1_4' title="bbox 389 581 1785 646; baseline 0 -17"><span class='ocrx_word' id='word_1_23' title='bbox 389 590 547 646; x_wconf 85' lang='lat' dir='ltr'>postea</span> <span class='ocrx_word' id='word_1_24' title='bbox 589 582 797 629; x_wconf 88' lang='lat' dir='ltr'>homines</span> <span class='ocrx_word' id='word_1_25' title='bbox 836 581 1021 628; x_wconf 86' lang='lat' dir='ltr'>fuerunt</span> <span class='ocrx_word' id='word_1_26' title='bbox 1058 582 1203 646; x_wconf 81' lang='lat' dir='ltr'>magis</span> <span class='ocrx_word' id='word_1_27' title='bbox 1244 582 1594 646; x_wconf 82' lang='lat' dir='ltr'>indisciplinati,</span> <span class='ocrx_word' id='word_1_28' title='bbox 1637 583 1785 646; x_wconf 81' lang='lat' dir='ltr'>magis</span> 
     </span>
     <span class='ocr_line' id='line_1_5' title="bbox 387 658 1785 722; baseline 0 -17"><span class='ocrx_word' id='word_1_29' title='bbox 387 659 524 706; x_wconf 88' lang='lat' dir='ltr'>ctiam</span> <span class='ocrx_word' id='word_1_30' title='bbox 544 664 726 705; x_wconf 80' lang='lat' dir='ltr'>tenaces</span> <span class='ocrx_word' id='word_1_31' title='bbox 745 664 791 705; x_wconf 88' lang='lat' dir='ltr'>et</span> <span class='ocrx_word' id='word_1_32' title='bbox 804 658 957 722; x_wconf 87' lang='lat' dir='ltr'>cupidi</span> <span class='ocrx_word' id='word_1_33' title='bbox 975 664 1021 705; x_wconf 82' lang='lat' dir='ltr'>et</span> <span class='ocrx_word' id='word_1_34' title='bbox 1037 675 1122 721; x_wconf 87' lang='lat' dir='ltr'>per</span> <span class='ocrx_word' id='word_1_35' title='bbox 1141 659 1263 706; x_wconf 82' lang='lat' dir='ltr'>littes</span> <span class='ocrx_word' id='word_1_36' title='bbox 1283 664 1421 722; x_wconf 85' lang='lat' dir='ltr'>atque</span> <span class='ocrx_word' id='word_1_37' title='bbox 1441 658 1567 706; x_wconf 84' lang='lat' dir='ltr'>rixas</span> <span class='ocrx_word' id='word_1_38' title='bbox 1587 659 1785 722; x_wconf 89' lang='lat' dir='ltr'>amplius</span> 
     </span>
     <span class='ocr_line' id='line_1_6' title="bbox 386 733 1786 797; baseline -0.001 -16"><span class='ocrx_word' id='word_1_39' title='bbox 386 734 563 796; x_wconf 89' lang='lat' dir='ltr'>seipsos</span> <span class='ocrx_word' id='word_1_40' title='bbox 604 733 958 796; x_wconf 79' lang='lat' dir='ltr'>perturbantes3</span> <span class='ocrx_word' id='word_1_41' title='bbox 1003 750 1171 797; x_wconf 80' lang='lat' dir='ltr'>guerre</span> <span class='ocrx_word' id='word_1_42' title='bbox 1212 734 1351 781; x_wconf 89' lang='lat' dir='ltr'>etiam</span> <span class='ocrx_word' id='word_1_43' title='bbox 1391 734 1512 781; x_wconf 90' lang='lat' dir='ltr'>inter</span> <span class='ocrx_word' id='word_1_44' title='bbox 1551 733 1786 797; x_wconf 80' lang='lat' dir='ltr'>principes</span> 
     </span>
     <span class='ocr_line' id='line_1_7' title="bbox 385 809 1786 875; baseline 0.002 -20"><span class='ocrx_word' id='word_1_45' title='bbox 385 809 582 872; x_wconf 89' lang='lat' dir='ltr'>amplius</span> <span class='ocrx_word' id='word_1_46' title='bbox 599 809 865 874; x_wconf 78' lang='lat' dir='ltr'>viguerunt,</span> <span class='ocrx_word' id='word_1_47' title='bbox 889 810 1056 857; x_wconf 89' lang='lat' dir='ltr'>caritas</span> <span class='ocrx_word' id='word_1_48' title='bbox 1076 810 1120 858; x_wconf 92' lang='lat' dir='ltr'>in</span> <span class='ocrx_word' id='word_1_49' title='bbox 1141 811 1317 859; x_wconf 88' lang='lat' dir='ltr'>cunctis</span> <span class='ocrx_word' id='word_1_50' title='bbox 1341 811 1643 875; x_wconf 76' lang='lat' dir='ltr'>refrigescere</span> <span class='ocrx_word' id='word_1_51' title='bbox 1664 811 1786 858; x_wconf 89' lang='lat' dir='ltr'>ince-</span> 
     </span>
     <span class='ocr_line' id='line_1_8' title="bbox 387 885 1076 948; baseline 0.004 -17"><span class='ocrx_word' id='word_1_52' title='bbox 387 885 453 947; x_wconf 86' lang='lat' dir='ltr'>pit</span> <span class='ocrx_word' id='word_1_53' title='bbox 475 891 521 932; x_wconf 88' lang='lat' dir='ltr'>et</span> <span class='ocrx_word' id='word_1_54' title='bbox 545 886 761 948; x_wconf 89' lang='lat' dir='ltr'>iniquitas</span> <span class='ocrx_word' id='word_1_55' title='bbox 786 886 1076 934; x_wconf 77' lang='lat' dir='ltr'>habundare.</span> 
     </span>
    </p>

    <p class='ocr_par' dir='ltr' id='par_1_3' title="bbox 383 963 1786 1408">
     <span class='ocr_line' id='line_1_9' title="bbox 454 963 1781 1020; baseline 0.001 -11"><span class='ocrx_word' id='word_1_56' title='bbox 454 965 563 1011; x_wconf 70' lang='lat'>492.</span> <span class='ocrx_word' id='word_1_57' title='bbox 584 991 648 999; x_wconf 96' lang='lat'>—</span> <span class='ocrx_word' id='word_1_58' title='bbox 666 965 858 1010; x_wconf 84' lang='lat' dir='ltr'>Sanctus</span> <span class='ocrx_word' id='word_1_59' title='bbox 879 966 996 1020; x_wconf 87' lang='lat' dir='ltr'>Yvo,</span> <span class='ocrx_word' id='word_1_60' title='bbox 1020 964 1077 1011; x_wconf 90' lang='lat' dir='ltr'>de</span> <span class='ocrx_word' id='word_1_61' title='bbox 1098 963 1332 1010; x_wconf 76' lang='lat' dir='ltr'>Britannia</span> <span class='ocrx_word' id='word_1_62' title='bbox 1354 963 1519 1010; x_wconf 90' lang='lat' dir='ltr'>minori</span> <span class='ocrx_word' id='word_1_63' title='bbox 1540 963 1781 1019; x_wconf 89' lang='lat' dir='ltr'>oriundus,</span> 
     </span>
     <span class='ocr_line' id='line_1_10' title="bbox 385 1040 1786 1103; baseline 0 -17"><span class='ocrx_word' id='word_1_64' title='bbox 385 1057 410 1085; x_wconf 90' lang='lat' dir='ltr'>a</span> <span class='ocrx_word' id='word_1_65' title='bbox 441 1042 633 1086; x_wconf 84' lang='lat' dir='ltr'>Summo</span> <span class='ocrx_word' id='word_1_66' title='bbox 665 1040 885 1086; x_wconf 89' lang='lat' dir='ltr'>Pontifice</span> <span class='ocrx_word' id='word_1_67' title='bbox 917 1040 1211 1087; x_wconf 90' lang='lat' dir='ltr'>canonizatur</span> <span class='ocrx_word' id='word_1_68' title='bbox 1242 1040 1331 1087; x_wconf 86' lang='lat' dir='ltr'>isto</span> <span class='ocrx_word' id='word_1_69' title='bbox 1363 1057 1507 1096; x_wconf 86' lang='lat' dir='ltr'>anno,</span> <span class='ocrx_word' id='word_1_70' title='bbox 1543 1046 1587 1086; x_wconf 88' lang='lat' dir='ltr'>et</span> <span class='ocrx_word' id='word_1_71' title='bbox 1619 1040 1786 1103; x_wconf 82' lang='lat' dir='ltr'>dignus</span> 
     </span>
     <span class='ocr_line' id='line_1_11' title="bbox 385 1115 1786 1180; baseline 0.001 -18"><span class='ocrx_word' id='word_1_72' title='bbox 385 1116 551 1162; x_wconf 86' lang='lat' dir='ltr'>ascribi</span> <span class='ocrx_word' id='word_1_73' title='bbox 585 1115 852 1163; x_wconf 77' lang='lat' dir='ltr'>decernitur</span> <span class='ocrx_word' id='word_1_74' title='bbox 880 1116 926 1162; x_wconf 93' lang='lat' dir='ltr'>in</span> <span class='ocrx_word' id='word_1_75' title='bbox 965 1116 1207 1180; x_wconf 82' lang='lat' dir='ltr'>cathologo</span> <span class='ocrx_word' id='word_1_76' title='bbox 1248 1122 1514 1163; x_wconf 88' lang='lat' dir='ltr'>sanctorum</span> <span class='ocrx_word' id='word_1_77' title='bbox 1552 1116 1786 1163; x_wconf 84' lang='lat' dir='ltr'>confesso-</span> 
     </span>
     <span class='ocr_line' id='line_1_12' title="bbox 385 1191 1786 1255; baseline 0 -17"><span class='ocrx_word' id='word_1_78' title='bbox 385 1208 512 1249; x_wconf 87' lang='lat' dir='ltr'>rum,</span> <span class='ocrx_word' id='word_1_79' title='bbox 554 1191 685 1255; x_wconf 87' lang='lat' dir='ltr'>prius</span> <span class='ocrx_word' id='word_1_80' title='bbox 721 1198 879 1238; x_wconf 89' lang='lat' dir='ltr'>tamen</span> <span class='ocrx_word' id='word_1_81' title='bbox 919 1192 1214 1255; x_wconf 87' lang='lat' dir='ltr'>inquisitione</span> <span class='ocrx_word' id='word_1_82' title='bbox 1255 1193 1373 1239; x_wconf 87' lang='lat' dir='ltr'>facta</span> <span class='ocrx_word' id='word_1_83' title='bbox 1410 1199 1454 1239; x_wconf 87' lang='lat' dir='ltr'>et</span> <span class='ocrx_word' id='word_1_84' title='bbox 1493 1198 1647 1240; x_wconf 83' lang='lat' dir='ltr'>sancte</span> <span class='ocrx_word' id='word_1_85' title='bbox 1689 1192 1786 1240; x_wconf 88' lang='lat' dir='ltr'>sedi</span> 
     </span>
     <span class='ocr_line' id='line_1_13' title="bbox 384 1267 1786 1331; baseline 0 -18"><span class='ocrx_word' id='word_1_86' title='bbox 384 1267 634 1329; x_wconf 80' lang='lat' dir='ltr'>apostolice</span> <span class='ocrx_word' id='word_1_87' title='bbox 685 1273 951 1331; x_wconf 86' lang='lat' dir='ltr'>presentata</span> <span class='ocrx_word' id='word_1_88' title='bbox 994 1267 1052 1315; x_wconf 91' lang='lat' dir='ltr'>de</span> <span class='ocrx_word' id='word_1_89' title='bbox 1097 1267 1510 1315; x_wconf 86' lang='lat' dir='ltr'>innumerabilibus</span> <span class='ocrx_word' id='word_1_90' title='bbox 1553 1267 1786 1315; x_wconf 87' lang='lat' dir='ltr'>miraculis</span> 
     </span>
     <span class='ocr_line' id='line_1_14' title="bbox 383 1345 1630 1408; baseline -0.001 -16"><span class='ocrx_word' id='word_1_91' title='bbox 383 1361 474 1408; x_wconf 86' lang='lat' dir='ltr'>que</span> <span class='ocrx_word' id='word_1_92' title='bbox 500 1362 585 1408; x_wconf 90' lang='lat' dir='ltr'>per</span> <span class='ocrx_word' id='word_1_93' title='bbox 607 1362 713 1392; x_wconf 89' lang='lat' dir='ltr'>eum</span> <span class='ocrx_word' id='word_1_94' title='bbox 741 1345 895 1392; x_wconf 89' lang='lat' dir='ltr'>divina</span> <span class='ocrx_word' id='word_1_95' title='bbox 923 1345 1071 1392; x_wconf 87' lang='lat' dir='ltr'>virtus</span> <span class='ocrx_word' id='word_1_96' title='bbox 1099 1345 1270 1407; x_wconf 89' lang='lat' dir='ltr'>ubique</span> <span class='ocrx_word' id='word_1_97' title='bbox 1297 1345 1630 1408; x_wconf 79' lang='lat' dir='ltr'>operabatur¹.</span> 
     </span>
    </p>

    <p class='ocr_par' dir='ltr' id='par_1_4' title="bbox 385 1421 1786 1560">
     <span class='ocr_line' id='line_1_15' title="bbox 453 1421 1786 1486; baseline 0.001 -19"><span class='ocrx_word' id='word_1_98' title='bbox 453 1423 562 1468; x_wconf 72' lang='lat'>493.</span> <span class='ocrx_word' id='word_1_99' title='bbox 592 1450 655 1457; x_wconf 94' lang='grc'>--</span> <span class='ocrx_word' id='word_1_100' title='bbox 687 1421 811 1469; x_wconf 89' lang='lat' dir='ltr'>Obiit</span> <span class='ocrx_word' id='word_1_101' title='bbox 846 1421 962 1478; x_wconf 90' lang='lat' dir='ltr'>Odo,</span> <span class='ocrx_word' id='word_1_102' title='bbox 998 1422 1182 1469; x_wconf 89' lang='lat' dir='ltr'>inclitus</span> <span class='ocrx_word' id='word_1_103' title='bbox 1217 1421 1312 1469; x_wconf 84' lang='lat' dir='ltr'>dux</span> <span class='ocrx_word' id='word_1_104' title='bbox 1348 1422 1633 1486; x_wconf 83' lang='lat' dir='ltr'>Burgundie,</span> <span class='ocrx_word' id='word_1_105' title='bbox 1666 1427 1712 1469; x_wconf 89' lang='lat' dir='ltr'>et</span> <span class='ocrx_word' id='word_1_106' title='bbox 1741 1422 1786 1468; x_wconf 88' lang='lat' dir='ltr'>in</span> 
     </span>
     <span class='ocr_line' id='line_1_16' title="bbox 385 1497 1193 1560; baseline 0.001 -16"><span class='ocrx_word' id='word_1_107' title='bbox 385 1498 666 1544; x_wconf 88' lang='lat' dir='ltr'>monasterio</span> <span class='ocrx_word' id='word_1_108' title='bbox 693 1497 900 1545; x_wconf 88' lang='lat' dir='ltr'>Cistercii</span> <span class='ocrx_word' id='word_1_109' title='bbox 926 1497 1193 1560; x_wconf 75' lang='lat' dir='ltr'>sepelitur2.</span> 
     </span>
    </p>

    <p class='ocr_par' dir='ltr' id='par_1_5' title="bbox 385 1573 1787 1858">
     <span class='ocr_line' id='line_1_17' title="bbox 452 1573 1784 1637; baseline -0.001 -17"><span class='ocrx_word' id='word_1_110' title='bbox 452 1574 561 1621; x_wconf 73' lang='lat'>494.</span> <span class='ocrx_word' id='word_1_111' title='bbox 582 1603 645 1610; x_wconf 92' lang='lat'>—-</span> <span class='ocrx_word' id='word_1_112' title='bbox 664 1574 886 1621; x_wconf 87' lang='lat' dir='ltr'>Dominus</span> <span class='ocrx_word' id='word_1_113' title='bbox 906 1574 1174 1630; x_wconf 87' lang='lat' dir='ltr'>Ymbertus,</span> <span class='ocrx_word' id='word_1_114' title='bbox 1201 1574 1446 1637; x_wconf 89' lang='lat' dir='ltr'>dalphinus</span> <span class='ocrx_word' id='word_1_115' title='bbox 1473 1573 1663 1629; x_wconf 84' lang='lat' dir='ltr'>Vienne‚</span> <span class='ocrx_word' id='word_1_116' title='bbox 1687 1573 1784 1636; x_wconf 83' lang='lat' dir='ltr'>regi</span> 
     </span>
     <span class='ocr_line' id='line_1_18' title="bbox 385 1649 1787 1713; baseline 0 -17"><span class='ocrx_word' id='word_1_117' title='bbox 385 1650 574 1697; x_wconf 90' lang='lat' dir='ltr'>Francie</span> <span class='ocrx_word' id='word_1_118' title='bbox 591 1650 800 1713; x_wconf 80' lang='lat' dir='ltr'>Philippo</span> <span class='ocrx_word' id='word_1_119' title='bbox 816 1649 1027 1697; x_wconf 83' lang='lat' dir='ltr'>vendidit</span> <span class='ocrx_word' id='word_1_120' title='bbox 1044 1650 1319 1697; x_wconf 87' lang='lat' dir='ltr'>Delfinatum</span> <span class='ocrx_word' id='word_1_121' title='bbox 1338 1649 1395 1696; x_wconf 83' lang='lat' dir='ltr'>de</span> <span class='ocrx_word' id='word_1_122' title='bbox 1416 1667 1508 1712; x_wconf 92' lang='lat' dir='ltr'>quo</span> <span class='ocrx_word' id='word_1_123' title='bbox 1526 1656 1637 1696; x_wconf 84' lang='lat' dir='ltr'>tunc</span> <span class='ocrx_word' id='word_1_124' title='bbox 1663 1649 1787 1696; x_wconf 88' lang='lat' dir='ltr'>idem</span> 
     </span>
     <span class='ocr_line' id='line_1_19' title="bbox 385 1725 1786 1789; baseline -0.001 -18"><span class='ocrx_word' id='word_1_125' title='bbox 385 1742 468 1772; x_wconf 81' lang='lat' dir='ltr'>rex</span> <span class='ocrx_word' id='word_1_126' title='bbox 495 1725 736 1772; x_wconf 88' lang='lat' dir='ltr'>dominum</span> <span class='ocrx_word' id='word_1_127' title='bbox 761 1725 1000 1782; x_wconf 84' lang='lat' dir='ltr'>Karolum,</span> <span class='ocrx_word' id='word_1_128' title='bbox 1027 1725 1390 1789; x_wconf 82' lang='lat' dir='ltr'>primogenitum</span> <span class='ocrx_word' id='word_1_129' title='bbox 1414 1725 1494 1771; x_wconf 86' lang='lat' dir='ltr'>filii</span> <span class='ocrx_word' id='word_1_130' title='bbox 1521 1725 1590 1772; x_wconf 89' lang='lat' dir='ltr'>sui</span> <span class='ocrx_word' id='word_1_131' title='bbox 1617 1725 1786 1773; x_wconf 68' lang='lat' dir='ltr'>¹lohan-</span> 
     </span>
     <span class='ocr_line' id='line_1_20' title="bbox 386 1801 1208 1858; baseline 0.001 -11"><span class='ocrx_word' id='word_1_132' title='bbox 386 1802 473 1857; x_wconf 87' lang='lat' dir='ltr'>nis,</span> <span class='ocrx_word' id='word_1_133' title='bbox 503 1802 633 1849; x_wconf 88' lang='lat' dir='ltr'>ducis</span> <span class='ocrx_word' id='word_1_134' title='bbox 659 1801 923 1858; x_wconf 85' lang='lat' dir='ltr'>Normanie,</span> <span class='ocrx_word' id='word_1_135' title='bbox 952 1801 1208 1848; x_wconf 82' lang='lat' dir='ltr'>investivit.</span> 
     </span>
    </p>

    <p class='ocr_par' dir='ltr' id='par_1_6' title="bbox 386 1876 1788 2169">
     <span class='ocr_line' id='line_1_21' title="bbox 455 1876 1783 1933; baseline -0.001 -9"><span class='ocrx_word' id='word_1_136' title='bbox 455 1879 563 1924; x_wconf 69' lang='grc'>495.</span> <span class='ocrx_word' id='word_1_137' title='bbox 599 1905 661 1912; x_wconf 91' lang='grc'>-</span> <span class='ocrx_word' id='word_1_138' title='bbox 696 1877 817 1924; x_wconf 88' lang='lat' dir='ltr'>Obiit</span> <span class='ocrx_word' id='word_1_139' title='bbox 852 1877 941 1924; x_wconf 82' lang='lat' dir='ltr'>isto</span> <span class='ocrx_word' id='word_1_140' title='bbox 975 1893 1095 1923; x_wconf 89' lang='lat' dir='ltr'>anno</span> <span class='ocrx_word' id='word_1_141' title='bbox 1127 1877 1351 1924; x_wconf 86' lang='lat' dir='ltr'>Henricus</span> <span class='ocrx_word' id='word_1_142' title='bbox 1387 1877 1444 1924; x_wconf 92' lang='lat' dir='ltr'>de</span> <span class='ocrx_word' id='word_1_143' title='bbox 1476 1876 1783 1933; x_wconf 80' lang='lat' dir='ltr'>Lambourco,</span> 
     </span>
     <span class='ocr_line' id='line_1_22' title="bbox 386 1953 1783 2017; baseline 0.001 -18"><span class='ocrx_word' id='word_1_144' title='bbox 386 1954 506 2001; x_wconf 89' lang='lat' dir='ltr'>filius</span> <span class='ocrx_word' id='word_1_145' title='bbox 532 1953 662 2001; x_wconf 89' lang='lat' dir='ltr'>ducis</span> <span class='ocrx_word' id='word_1_146' title='bbox 681 1953 950 2009; x_wconf 88' lang='lat' dir='ltr'>Brebaneie,</span> <span class='ocrx_word' id='word_1_147' title='bbox 975 1953 1071 2016; x_wconf 85' lang='lat' dir='ltr'>qui,</span> <span class='ocrx_word' id='word_1_148' title='bbox 1097 1970 1216 2000; x_wconf 90' lang='lat' dir='ltr'>anno</span> <span class='ocrx_word' id='word_1_149' title='bbox 1243 1954 1486 2017; x_wconf 86' lang='lat' dir='ltr'>preterito,</span> <span class='ocrx_word' id='word_1_150' title='bbox 1512 1954 1783 2010; x_wconf 73' lang='lat' dir='ltr'>Johannffln,</span> 
     </span>
     <span class='ocr_line' id='line_1_23' title="bbox 387 2029 1788 2093; baseline 0 -17"><span class='ocrx_word' id='word_1_151' title='bbox 387 2030 526 2076; x_wconf 87' lang='lat' dir='ltr'>filiam</span> <span class='ocrx_word' id='word_1_152' title='bbox 553 2030 684 2077; x_wconf 89' lang='lat' dir='ltr'>ducis</span> <span class='ocrx_word' id='word_1_153' title='bbox 703 2029 982 2076; x_wconf 90' lang='lat' dir='ltr'>Normannie</span> <span class='ocrx_word' id='word_1_154' title='bbox 1008 2029 1389 2093; x_wconf 82' lang='lat' dir='ltr'>desponsaverat,</span> <span class='ocrx_word' id='word_1_155' title='bbox 1414 2046 1552 2093; x_wconf 89' lang='lat' dir='ltr'>quam</span> <span class='ocrx_word' id='word_1_156' title='bbox 1579 2036 1788 2092; x_wconf 89' lang='lat' dir='ltr'>postmo-</span> 
     </span>
     <span class='ocr_line' id='line_1_24' title="bbox 387 2105 1582 2169; baseline 0 -17"><span class='ocrx_word' id='word_1_157' title='bbox 387 2106 500 2153; x_wconf 89' lang='lat' dir='ltr'>dum</span> <span class='ocrx_word' id='word_1_158' title='bbox 526 2107 570 2153; x_wconf 90' lang='lat' dir='ltr'>in</span> <span class='ocrx_word' id='word_1_159' title='bbox 598 2122 792 2153; x_wconf 84' lang='lat' dir='ltr'>uxorem</span> <span class='ocrx_word' id='word_1_160' title='bbox 820 2105 952 2153; x_wconf 82' lang='lat' dir='ltr'>duxit</span> <span class='ocrx_word' id='word_1_161' title='bbox 978 2122 1061 2152; x_wconf 79' lang='lat' dir='ltr'>rex</span> <span class='ocrx_word' id='word_1_162' title='bbox 1086 2109 1288 2153; x_wconf 89' lang='lat' dir='ltr'>Navarre</span> <span class='ocrx_word' id='word_1_163' title='bbox 1314 2112 1365 2153; x_wconf 86' lang='lat' dir='ltr'>ut</span> <span class='ocrx_word' id='word_1_164' title='bbox 1388 2105 1582 2169; x_wconf 88' lang='lat' dir='ltr'>patebit.</span> 
     </span>
    </p>
   </div>
   <div class='ocr_carea' id='block_1_3' title="bbox 915 2238 1260 2284">
    <p class='ocr_par' dir='ltr' id='par_1_7' title="bbox 915 2238 1260 2284">
     <span class='ocr_line' id='line_1_25' title="bbox 915 2238 1260 2284; baseline -0.003 0"><span class='ocrx_word' id='word_1_165' title='bbox 915 2239 953 2283; x_wconf 91' lang='lat' dir='ltr'><strong>M</strong></span> <span class='ocrx_word' id='word_1_166' title='bbox 981 2238 1081 2284; x_wconf 88' lang='lat' dir='ltr'>CCC</span> <span class='ocrx_word' id='word_1_167' title='bbox 1107 2239 1260 2284; x_wconf 83' lang='lat' dir='ltr'><strong>XLIX.</strong></span> 
     </span>
    </p>
   </div>
   <div class='ocr_carea' id='block_1_4' title="bbox 390 2353 1790 2722">
    <p class='ocr_par' dir='ltr' id='par_1_8' title="bbox 390 2353 1790 2645">
     <span class='ocr_line' id='line_1_26' title="bbox 457 2353 1788 2410; baseline 0 -10"><span class='ocrx_word' id='word_1_168' title='bbox 457 2356 565 2400; x_wconf 75' lang='lat'><strong>496.</strong></span> <span class='ocrx_word' id='word_1_169' title='bbox 584 2356 793 2402; x_wconf 87' lang='lat' dir='ltr'>—Anno</span> <span class='ocrx_word' id='word_1_170' title='bbox 818 2353 1001 2401; x_wconf 89' lang='lat' dir='ltr'>Domini</span> <span class='ocrx_word' id='word_1_171' title='bbox 1026 2353 1077 2400; x_wconf 90' lang='lat' dir='ltr'>M⁰</span> <span class='ocrx_word' id='word_1_172' title='bbox 1102 2354 1207 2402; x_wconf 75' lang='lat'>000⁰</span> <span class='ocrx_word' id='word_1_173' title='bbox 1226 2353 1372 2410; x_wconf 83' lang='lat' dir='ltr'><strong>XL1x⁰‚</strong></span> <span class='ocrx_word' id='word_1_174' title='bbox 1402 2353 1618 2401; x_wconf 86' lang='lat' dir='ltr'>dominus</span> <span class='ocrx_word' id='word_1_175' title='bbox 1642 2355 1788 2400; x_wconf 87' lang='lat' dir='ltr'>Karo-</span> 
     </span>
     <span class='ocr_line' id='line_1_27' title="bbox 390 2429 1790 2494; baseline -0.001 -17"><span class='ocrx_word' id='word_1_176' title='bbox 390 2431 484 2486; x_wconf 91' lang='lat' dir='ltr'>lus,</span> <span class='ocrx_word' id='word_1_177' title='bbox 525 2430 722 2477; x_wconf 86' lang='lat' dir='ltr'>delfinus</span> <span class='ocrx_word' id='word_1_178' title='bbox 758 2430 957 2487; x_wconf 85' lang='lat' dir='ltr'>Vienne‚</span> <span class='ocrx_word' id='word_1_179' title='bbox 1000 2430 1339 2494; x_wconf 82' lang='lat' dir='ltr'>primogenitus</span> <span class='ocrx_word' id='word_1_180' title='bbox 1373 2429 1613 2486; x_wconf 87' lang='lat' dir='ltr'>Johannis‚</span> <span class='ocrx_word' id='word_1_181' title='bbox 1658 2429 1790 2477; x_wconf 88' lang='lat' dir='ltr'>ducis</span> 
     </span>
     <span class='ocr_line' id='line_1_28' title="bbox 390 2505 1790 2564; baseline -0.001 -11"><span class='ocrx_word' id='word_1_182' title='bbox 390 2506 686 2563; x_wconf 86' lang='lat' dir='ltr'>Normannie,</span> <span class='ocrx_word' id='word_1_183' title='bbox 716 2507 951 2554; x_wconf 88' lang='lat' dir='ltr'>dominam</span> <span class='ocrx_word' id='word_1_184' title='bbox 982 2508 1256 2564; x_wconf 79' lang='lat' dir='ltr'>Johannem,</span> <span class='ocrx_word' id='word_1_185' title='bbox 1286 2507 1426 2553; x_wconf 89' lang='lat' dir='ltr'>filiam</span> <span class='ocrx_word' id='word_1_186' title='bbox 1453 2505 1583 2553; x_wconf 89' lang='lat' dir='ltr'>ducis</span> <span class='ocrx_word' id='word_1_187' title='bbox 1613 2506 1790 2554; x_wconf 86' lang='lat' dir='ltr'>Borbo-</span> 
     </span>
     <span class='ocr_line' id='line_1_29' title="bbox 392 2583 932 2645; baseline -0.002 -16"><span class='ocrx_word' id='word_1_188' title='bbox 392 2583 582 2640; x_wconf 85' lang='lat' dir='ltr'>niensis‚</span> <span class='ocrx_word' id='word_1_189' title='bbox 613 2583 932 2645; x_wconf 84' lang='lat' dir='ltr'>desponsavit.</span> 
     </span>
    </p>

    <p class='ocr_par' dir='ltr' id='par_1_9' title="bbox 459 2658 1789 2722">
     <span class='ocr_line' id='line_1_30' title="bbox 459 2658 1789 2722; baseline 0 -16"><span class='ocrx_word' id='word_1_190' title='bbox 459 2662 475 2705; x_wconf 68' lang='lat' dir='ltr'>‘l</span> <span class='ocrx_word' id='word_1_191' title='bbox 491 2663 568 2707; x_wconf 83' lang='lat'>97.</span> <span class='ocrx_word' id='word_1_192' title='bbox 593 2687 654 2695; x_wconf 94' lang='lat'>—</span> <span class='ocrx_word' id='word_1_193' title='bbox 676 2659 740 2706; x_wconf 78' lang='lat' dir='ltr'>De</span> <span class='ocrx_word' id='word_1_194' title='bbox 765 2660 1140 2722; x_wconf 70' lang='lat' dir='ltr'>flayellatoribus.</span> <span class='ocrx_word' id='word_1_195' title='bbox 1170 2687 1233 2695; x_wconf 92' lang='lat'>—-</span> <span class='ocrx_word' id='word_1_196' title='bbox 1259 2658 1464 2717; x_wconf 83' lang='lat' dir='ltr'>Quedam</span> <span class='ocrx_word' id='word_1_197' title='bbox 1491 2666 1615 2707; x_wconf 91' lang='lat' dir='ltr'>secta</span> <span class='ocrx_word' id='word_1_198' title='bbox 1641 2659 1789 2707; x_wconf 89' lang='lat' dir='ltr'>fatuo-</span> 
     </span>
    </p>
   </div>
   <div class='ocr_carea' id='block_1_5' title="bbox 442 2794 1668 2901">
    <p class='ocr_par' dir='ltr' id='par_1_10' title="bbox 442 2794 1668 2901">
     <span class='ocr_line' id='line_1_31' title="bbox 442 2794 1349 2831; baseline 0.001 -1"><span class='ocrx_word' id='word_1_199' title='bbox 442 2796 474 2830; x_wconf 83' lang='lat'>¹1.</span> <span class='ocrx_word' id='word_1_200' title='bbox 499 2795 608 2830; x_wconf 82' lang='lat' dir='ltr'>Saint</span> <span class='ocrx_word' id='word_1_201' title='bbox 629 2795 732 2830; x_wconf 85' lang='lat' dir='ltr'>Yves</span> <span class='ocrx_word' id='word_1_202' title='bbox 753 2794 809 2830; x_wconf 80' lang='lat' dir='ltr'>sut</span> <span class='ocrx_word' id='word_1_203' title='bbox 829 2794 1009 2830; x_wconf 80' lang='lat' dir='ltr'>canonise</span> <span class='ocrx_word' id='word_1_204' title='bbox 1030 2794 1063 2831; x_wconf 87' lang='lat' dir='ltr'>le</span> <span class='ocrx_word' id='word_1_205' title='bbox 1085 2795 1127 2831; x_wconf 79' lang='lat'>19</span> <span class='ocrx_word' id='word_1_206' title='bbox 1148 2795 1225 2830; x_wconf 87' lang='lat' dir='ltr'>mai</span> <span class='ocrx_word' id='word_1_207' title='bbox 1246 2794 1349 2831; x_wconf 81' lang='lat'><strong>1347.</strong></span> 
     </span>
     <span class='ocr_line' id='line_1_32' title="bbox 442 2852 1668 2901; baseline 0 -12"><span class='ocrx_word' id='word_1_208' title='bbox 442 2854 474 2890; x_wconf 72' lang='lat'>2.</span> <span class='ocrx_word' id='word_1_209' title='bbox 498 2853 624 2889; x_wconf 88' lang='lat' dir='ltr'>Eudes</span> <span class='ocrx_word' id='word_1_210' title='bbox 644 2853 714 2900; x_wconf 83' lang='lat' dir='ltr'>IV,</span> <span class='ocrx_word' id='word_1_211' title='bbox 735 2853 809 2889; x_wconf 85' lang='lat' dir='ltr'>duc</span> <span class='ocrx_word' id='word_1_212' title='bbox 829 2853 873 2889; x_wconf 89' lang='lat' dir='ltr'>de</span> <span class='ocrx_word' id='word_1_213' title='bbox 896 2853 1141 2901; x_wconf 82' lang='lat' dir='ltr'>Bourgogne,</span> <span class='ocrx_word' id='word_1_214' title='bbox 1162 2858 1316 2890; x_wconf 89' lang='lat' dir='ltr'>mourut</span> <span class='ocrx_word' id='word_1_215' title='bbox 1336 2853 1357 2889; x_wconf 76' lang='lat' dir='ltr'>a</span> <span class='ocrx_word' id='word_1_216' title='bbox 1379 2852 1477 2889; x_wconf 86' lang='lat' dir='ltr'>Sens</span> <span class='ocrx_word' id='word_1_217' title='bbox 1499 2864 1545 2889; x_wconf 83' lang='lat' dir='ltr'>en</span> <span class='ocrx_word' id='word_1_218' title='bbox 1569 2853 1668 2890; x_wconf 79' lang='lat'>1350.</span> 
     </span>
    </p>
   </div>
  </div>
 </body>
</html>
