2060 3345
382 382 450 418 212
961 382 1214 414 APPENDICE.

379 463 656 506 dilectionem.
672 461 737 503 Ne
754 458 943 501 confictis
959 463 1000 500 et
1019 459 1259 502 adinventis
1273 461 1483 503 coloribus
1496 464 1535 503 et
1549 463 1778 518 malignari

379 530 611 573 volentium
629 527 856 569 latratibus
874 526 1033 568 veritas
1052 527 1286 569 occultetur
1305 528 1374 570 sed
1394 529 1532 582 potius
1550 529 1724 584 prodeat
1741 535 1782 572 et

379 597 667 639 manifestetur
684 595 726 635 in
751 594 904 643 lucem,
928 594 983 636 ad
1011 598 1149 636 vestre
1177 595 1562 650 circumspectionis
1584 597 1782 639 noticiam

377 664 574 706 duximus
597 662 883 704 deducendum
915 662 1024 716 quod
1046 662 1099 703 ad
1127 676 1200 703 nos
1226 664 1453 705 multorum
1476 663 1781 720 fidedignorum

377 732 578 773 relatione
603 731 794 785 pervenit
823 729 932 785 quod
959 729 1145 784 quidam,
1178 730 1363 773 Edoardi
1389 732 1501 787 regis
1530 732 1683 787 Anglie
1710 732 1782 788 qui

376 799 531 840 multas
551 797 891 840 inhobediencias
912 801 1060 839 contra
1080 811 1154 839 nos
1178 802 1219 839 et
1237 811 1415 853 regnum
1435 803 1624 841 nostrum
1645 799 1783 842 nosci-

376 871 444 908 tur
463 866 731 915 commisisse,
761 865 858 907 licet
883 865 1040 907 multas
1065 870 1106 907 et
1130 865 1369 920 frequenter
1397 867 1529 908 eidem
1558 867 1783 922 impederi-

373 947 465 976 mus
486 934 647 989 gratias
667 938 708 975 et
734 932 918 982 favores,
951 933 1073 975 donis
1098 937 1140 975 et
1164 935 1512 989 promissionibus
1532 935 1712 985 incitati,
1736 939 1784 977 ut

374 1001 515 1056 plures
544 1014 686 1043 secum
712 1001 881 1043 trahere
906 1001 1081 1044 valeant
1111 1002 1155 1043 in
1181 1002 1392 1044 auxilium
1416 1001 1517 1044 dicti
1548 1003 1677 1058 Regis
1705 1003 1782 1044 sub

376 1069 448 1110 tali
469 1070 715 1125 cogitantur
728 1069 866 1111 colore
883 1073 1131 1124 conceptam
1144 1069 1356 1112 maliciam
1371 1070 1567 1125 palliare,
1589 1070 1784 1112 videlicet

372 1137 596 1179 asserendo
610 1140 650 1178 et
667 1136 844 1178 diversis
861 1138 1050 1192 personis
1067 1141 1108 1178 et
1124 1138 1496 1180 communitatibus
1512 1151 1586 1193 per
1606 1140 1783 1180 nuncios

372 1208 412 1246 et
441 1205 604 1246 litteras
630 1204 865 1246 intimando
891 1204 1003 1259 quod
1031 1208 1179 1246 contra
1213 1218 1289 1247 nos
1317 1209 1358 1247 et
1387 1218 1566 1261 regnum
1593 1210 1781 1248 nostrum

372 1284 540 1314 movere
559 1276 800 1327 proponunt
820 1272 1053 1314 exercitum
1072 1285 1148 1327 pro
1169 1286 1217 1314 eo
1244 1273 1354 1327 quod
1384 1272 1617 1314 detinemus
1636 1273 1780 1328 aliqua

370 1339 425 1381 ad
445 1340 666 1394 imperium
687 1340 922 1394 spectantia
937 1344 1158 1395 occupata,
1175 1339 1319 1382 fideles
1337 1339 1603 1382 sollicitando
1619 1340 1784 1395 imperii

371 1411 417 1449 ut
436 1408 496 1449 eis
513 1408 556 1448 in
574 1407 785 1449 auxilium
806 1421 861 1448 ex
881 1420 1010 1449 causa
1032 1407 1220 1462 predicta
1240 1411 1432 1463 potenter
1458 1412 1704 1463 assurgant.
1728 1408 1783 1449 Et

370 1475 470 1516 licet
490 1476 672 1517 sciamus
693 1474 803 1530 quod
813 1479 955 1517 vestra
971 1475 1025 1517 ad
1040 1475 1210 1530 plenum
1223 1474 1535 1517 animadvertet
1551 1475 1781 1530 prudencia

372 1542 481 1597 quod
502 1543 582 1584 hoc
602 1556 685 1585 non
706 1547 767 1584 est
788 1543 868 1584 nisi
889 1542 1067 1597 quedam
1085 1543 1208 1584 calva
1230 1543 1396 1585 occasio
1416 1556 1490 1598 per
1514 1543 1623 1585 filios
1646 1543 1782 1584 Belial

370 1611 598 1665 exquisita,
622 1614 764 1652 tamen
784 1615 830 1651 ut
850 1610 898 1652 de
920 1614 1061 1652 nostre
1086 1611 1331 1653 intentionis
1351 1611 1592 1653 sinceritate
1617 1611 1776 1652 clarius

370 1678 489 1720 vobis
509 1682 685 1727 constet,
710 1678 831 1720 vobis
851 1681 996 1720 tenore
1022 1680 1278 1732 presentium
1305 1679 1551 1720 intimamus
1570 1678 1680 1734 quod
1704 1691 1780 1720 nos

371 1759 447 1787 nec
465 1746 605 1788 aliena
620 1746 719 1801 jura
741 1746 955 1801 querimus
982 1759 1057 1788 nec
1082 1751 1285 1795 tenemus,
1310 1746 1381 1787 sed
1407 1760 1455 1788 ea
1478 1760 1557 1801 que
1580 1760 1606 1788 a
1628 1746 1778 1801 prede-

369 1814 604 1856 cessoribus
624 1814 778 1855 nostris
798 1814 970 1869 regibus
990 1814 1186 1863 Francie,
1214 1814 1318 1855 viris
1347 1815 1494 1869 utique
1521 1826 1776 1869 magnarum

369 1881 618 1931 devotionis,
642 1882 897 1923 sinceritatis
915 1885 956 1922 et
975 1880 1070 1923 fidei
1099 1882 1392 1937 precipuisque
1417 1882 1672 1923 zelatoribus
1688 1881 1780 1936 jus-

370 1949 466 1990 ticie
485 1953 524 1990 et
549 1950 678 1990 etiam
706 1949 898 1990 veritatis
921 1962 1100 2003 quorum
1123 1950 1324 1991 memoria
1352 1950 1395 1990 in
1415 1949 1773 1991 benedictionibus

369 2019 409 2058 et
428 2016 625 2058 laudibus
643 2020 889 2072 perseverat
913 2016 968 2058 ad
999 2030 1073 2058 nos
1095 2017 1192 2073 jure
1216 2017 1468 2059 hereditario
1492 2020 1777 2072 pervenerunt

370 2097 447 2125 nec
481 2084 569 2126 ullo
600 2098 787 2139 unquam
816 2088 999 2139 tempore
1035 2085 1115 2139 ipsi
1150 2089 1225 2126 aut
1258 2097 1334 2126 nos
1366 2097 1492 2139 super
1522 2085 1588 2125 his
1626 2084 1780 2126 fuimus

370 2152 582 2206 requisiti3
606 2156 647 2193 et
667 2153 765 2207 quia
789 2152 918 2194 nichil
938 2152 997 2194 ita
1018 2151 1135 2194 decet
1154 2153 1316 2208 Regem
1336 2156 1377 2193 et
1392 2152 1624 2207 principem
1644 2152 1716 2207 qui
1736 2153 1779 2193 in

370 2219 620 2261 rectitudine
635 2219 804 2275 justicie
822 2219 1008 2261 subditos
1025 2220 1152 2262 habet
1173 2221 1412 2276 gubernare
1432 2232 1559 2275 quam
1580 2233 1623 2261 se
1643 2220 1780 2274 ipsum

371 2300 533 2342 semper
552 2287 732 2329 subiciat
758 2287 929 2337 rationi,
955 2288 1062 2329 scire
1083 2301 1160 2329 vos
1177 2288 1374 2330 volumus
1394 2287 1504 2342 quod
1525 2288 1574 2337 si,
1602 2300 1677 2342 per
1696 2287 1782 2329 ali-

372 2367 494 2410 quem
514 2358 589 2396 aut
602 2355 767 2409 aliquos
784 2354 836 2396 ad
852 2368 954 2410 quos
965 2356 1209 2410 pertineret,
1228 2356 1346 2397 nobis
1359 2355 1647 2397 ostenderetur
1666 2355 1777 2410 quod

370 2422 542 2477 aliquod
562 2422 612 2463 de
626 2422 794 2478 juribus
812 2422 974 2478 imperii
994 2426 1069 2464 aut
1090 2423 1390 2478 cujuscumque
1415 2423 1591 2465 alterius
1612 2427 1781 2464 tenere-

371 2502 479 2539 mus,
504 2489 613 2544 quod
634 2491 773 2544 parati
792 2503 934 2531 sumus
954 2494 995 2532 et
1016 2504 1177 2546 semper
1191 2492 1347 2532 erimus
1367 2491 1508 2533 taliter
1528 2490 1779 2546 respondere

374 2557 484 2612 quod
503 2558 697 2599 omnibus
716 2558 875 2612 liquere
897 2559 1049 2613 poterit
1070 2558 1179 2613 quod
1206 2559 1335 2600 nichil
1358 2562 1500 2599 tenere
1526 2563 1601 2600 aut
1622 2559 1777 2600 habere

372 2625 568 2667 volumus
592 2639 646 2666 ex
666 2638 748 2680 quo
765 2629 910 2667 nostra
931 2627 1188 2668 conscientia
1210 2626 1278 2668 vel
1300 2626 1369 2681 jus
1393 2626 1569 2668 alterius
1589 2625 1780 2668 lederen—

371 2696 456 2742 tur,
475 2706 570 2735 cum
588 2693 828 2735 Altissimus
847 2707 1026 2749 regnum
1047 2697 1236 2736 nostrum
1253 2694 1312 2735 ita
1329 2694 1559 2736 honoribus
1579 2693 1772 2749 potencia

372 2763 412 2801 et
432 2760 596 2803 diviciis
615 2760 830 2816 ampliarit
850 2761 959 2816 quod
979 2762 1119 2804 aliena
1135 2762 1235 2818 jura
1256 2774 1429 2816 querere
1450 2776 1533 2804 non
1553 2762 1771 2804 habemus.

374 2827 527 2870 Datum
546 2828 659 2884 apud
676 2830 856 2871 Boscum
870 2830 1194 2872 Vincennarum
1208 2829 1273 2871 die
1287 2829 1469 2872 secunda
1486 2830 1639 2872 mensis
1660 2833 1779 2872 octo-
