2060 3345
416 357 478 393 180
839 358 1024 389 unimam
1051 357 1104 387 DE
1132 356 1369 389 FRACHETO.
1693 355 1797 401 [1270

413 434 550 480 nitate
571 431 758 481 Vitcrbii
786 431 997 476 Sanctam
1018 429 1279 493 Advvigam,
1305 429 1539 492 quondam
1566 429 1798 478 ducissam

412 508 637 563 Polonic1‚
670 507 784 552 mire
811 506 1063 553 sanctitatis
1089 511 1134 552 et
1161 506 1420 553 devotionis
1448 506 1652 553 viduam.

475 602 515 632 e.
545 612 607 619 —
633 587 720 629 Iste
755 582 964 630 Clemens
991 584 1118 637 Ullus,
1150 582 1296 630 Guido
1328 582 1560 628 Fulchodii
1589 588 1798 638 vocatus,

410 661 591 708 natione
614 658 930 714 Provincialis,
957 674 1151 705 uxorem
1178 664 1224 706 et
1249 658 1419 705 liberos
1445 658 1619 705 habuit.
1648 659 1800 705 Primo

410 737 493 783 fuit
520 737 723 782 famosus
754 733 1007 781 advocatus
1036 739 1083 781 et
1115 734 1238 798 regis
1271 734 1457 781 Francie
1493 734 1796 791 conciliarius,

409 811 594 858 demum
641 826 787 857 uxore
830 815 1014 856 mortua
1057 815 1251 872 propter
1291 810 1433 856 vitam
1479 815 1523 855 et
1564 809 1800 856 scientiam

408 886 656 933 notabilem
685 885 838 948 primo
869 885 1107 933 PodiensiS
1139 886 1385 948 episcopus
1417 890 1461 931 et
1491 891 1596 948 post
1626 885 1802 932 Narbo-

407 963 562 1010 nensis
594 962 987 1024 archiepiscopus,
1027 962 1215 1009 tandem
1252 961 1515 1009 Sabinensis
1552 961 1802 1024 episcopus

405 1039 618 1086 efficitur.
643 1038 731 1086 Sed
752 1054 857 1085 cum
873 1044 980 1100 post
1000 1038 1044 1084 in
1064 1038 1274 1102 Angliam
1292 1044 1486 1101 propter
1509 1037 1632 1100 pacis
1655 1038 1801 1084 refor-

406 1115 657 1161 mationem
677 1131 703 1161 a
721 1131 842 1177 papa
859 1114 1045 1162 Urbano
1065 1114 1175 1171 ΙΙΙΙΟ7
1200 1114 1532 1177 predecessore
1553 1130 1654 1170 suo,
1679 1114 1801 1177 lega-

406 1198 479 1238 tus
515 1190 682 1237 missus
723 1190 901 1246 fuisset,
936 1190 1103 1237 absens
1138 1208 1163 1236 a
1198 1189 1506 1237 cardinalibus
1543 1189 1718 1236 Perusii
1756 1189 1803 1235 in

405 1283 574 1330 papam
595 1272 663 1314 est
681 1266 871 1323 electus,
893 1266 957 1313 sic
972 1266 1173 1330 jejuniis,
1191 1266 1357 1330 vigiliis
1379 1271 1424 1313 et
1443 1265 1728 1313 orationibus
1749 1282 1801 1312 ac

405 1344 502 1390 aliis
532 1343 666 1390 bonis
701 1343 922 1406 operibus
956 1343 1159 1389 intentus
1193 1343 1276 1390 fuit
1319 1342 1445 1404 quod
1482 1342 1648 1389 multas
1686 1358 1800 1404 quas

404 1426 513 1466 tunc
532 1419 731 1467 Ecclesia
752 1418 1008 1466 sustinebat
1030 1418 1349 1466 tribulationes
1369 1422 1491 1465 Deus
1509 1418 1603 1466 suis
1623 1418 1801 1465 meritis

407 1496 609 1543 creditur
635 1496 905 1542 extinxisse.
947 1495 1029 1542 Hic
1060 1495 1179 1542 sedit
1211 1495 1343 1542 annis
1368 1509 1433 1550 111,
1464 1494 1701 1542 mensibus
1731 1508 1797 1550 IX,

405 1571 568 1618 diebus
595 1586 701 1627 xxm
732 1575 944 1617 mortuus
964 1570 1155 1619 Viterbii
1184 1570 1392 1632 sepultus
1418 1575 1488 1616 est
1511 1570 1556 1616 in
1589 1569 1797 1616 ecclesia.

403 1649 459 1693 Et
491 1647 687 1694 cessavit
723 1646 857 1693 sedes
889 1646 1020 1693 annis
1056 1660 1104 1703 ΙΙ,
1141 1646 1379 1693 mensibus
1412 1647 1506 1702 1x2,
1538 1651 1583 1691 et
1611 1645 1655 1691 in
1684 1646 1802 1692 festo

404 1723 526 1770 beati
550 1723 716 1787 Egidii,
740 1723 959 1771 kalendas
980 1723 1276 1785 septembris,
1303 1723 1475 1773 electus
1495 1728 1564 1769 est
1586 1728 1631 1768 et
1656 1722 1804 1768 nomi-

406 1805 539 1846 natus
559 1800 603 1845 in
626 1816 795 1862 papam
816 1799 1105 1846 Theobaldus
1126 1799 1429 1854 Placentinus,
1454 1798 1803 1845 archidiaconus

404 1875 719 1930 Lcodinensis‚
745 1875 911 1922 absens
938 1875 984 1921 in
1009 1875 1329 1922 transmarinis
1356 1874 1583 1937 partibus,
1609 1880 1657 1920 ut
1680 1872 1803 1919 dice-

406 1951 558 2008 batur,
589 1958 634 1998 et
659 1951 849 2001 Viterbii
880 1951 963 1998 1111⁰
989 1950 1092 1998 idus
1125 1950 1344 1998 februarii
1378 1949 1629 2013 Gregorius
1660 1952 1699 1996 X
1735 1954 1804 1995 est

410 2028 689 2075 nominatus.

966 2140 1003 2184 M
1026 2139 1091 2185 GC
1111 2140 1246 2184 LXX.

471 2246 506 2306 f.
530 2272 593 2280 —
610 2245 742 2291 Anno
760 2245 937 2291 Domini
960 2245 1011 2292 M⁰
1025 2245 1241 2299 CC⁰LXX⁰,
1262 2243 1539 2300 Ludovicus,
1562 2260 1644 2290 rex
1666 2248 1806 2291 Fran-

406 2321 492 2378 cie,
528 2338 619 2367 non
652 2321 928 2384 perterritus
964 2322 1197 2385 preteritis
1232 2321 1469 2368 laboribus
1504 2327 1550 2367 et
1586 2320 1805 2384 expensis

407 2414 522 2460 quas
543 2398 653 2444 olim
674 2398 844 2445 fecerat
870 2398 988 2445 ultra
1015 2415 1160 2455 mare,
1186 2398 1350 2445 iterato
1377 2414 1483 2445 cum
1508 2396 1654 2444 tribus
1679 2397 1801 2454 filiis,

461 2528 492 2561 l.
516 2527 599 2562 Lat.
622 2527 744 2572 50050,
766 2529 928 2563 Palonz'e.

457 2586 489 2621 ⁶2.
515 2586 658 2622 Martin
677 2585 722 2621 de
743 2587 918 2633 Troppau
939 2587 1046 2632 (Mon.
1076 2586 1194 2623 Germ.
1223 2588 1322 2628 hist„
1351 2591 1378 2622 t.
1409 2585 1542 2631 XXII,
1571 2597 1606 2632 p.
1630 2586 1709 2630 441)
1732 2585 1806 2621 fixe

411 2646 447 2680 la
474 2656 641 2681 vacance
668 2644 717 2680 du
744 2645 862 2691 siege,
891 2646 1001 2691 apres
1031 2646 1067 2681 la
1093 2650 1193 2681 mort
1220 2645 1264 2681 de
1291 2644 1466 2681 Clement
1491 2644 1539 2691 V,
1569 2645 1590 2680 a
1617 2644 1710 2680 trois
1737 2654 1806 2679 ans

408 2703 508 2739 deux
528 2704 624 2739 mois
645 2703 707 2739 dix
731 2704 850 2750 jours.
876 2704 959 2740 Elle
988 2715 1035 2740 ne
1063 2705 1119 2741 fut
1145 2715 1201 2747 eu,
1224 2703 1358 2740 realize
1384 2715 1457 2750 que
1483 2703 1528 2740 de
1555 2703 1656 2739 deux
1679 2713 1748 2738 ans
1769 2707 1807 2738 et

410 2763 504 2798 neuf
530 2763 645 2806 mois,
676 2773 824 2799 comme
854 2774 950 2799 nous
980 2764 1014 2799 le
1044 2770 1226 2800 trouvons
1255 2763 1481 2799 mentionne
1510 2763 1559 2799 ici
1587 2767 1624 2798 et
1649 2761 1744 2797 dans
1772 2759 1807 2796 la

412 2821 615 2866 Chrom'que
635 2821 679 2857 de
701 2821 917 2857 Guillaume
939 2822 983 2858 de
1004 2822 1152 2869 Nangis
1176 2821 1276 2868 (edit.
1299 2821 1457 2867 Giraud,
1481 2827 1506 2856 t.
1530 2821 1560 2864 I,
1584 2831 1618 2867 p.
1642 2820 1737 2866 233).
