2060 3345
280 307 383 353 1353]
506 311 712 344 ΒΙΟΗΑΒΒΙ
740 310 867 343 SCOTI
895 311 1103 344 CHRONICI
1131 311 1438 344 CONTINUATIO.
1636 307 1679 344 93

275 387 408 450 petiit
434 394 481 435 et
505 388 737 435 abbatiam
770 387 1030 451 predictam
1055 389 1099 435 in
1132 389 1268 436 bonis
1299 388 1550 436 mobilibus
1576 388 1678 451 plu-

275 463 445 510 rimum
473 464 836 527 dampnificavit,
862 464 1217 528 recedendoque
1238 470 1410 520 tamen,
1435 469 1484 511 ut
1503 463 1679 526 promi-

276 546 416 597 serat,
447 541 493 587 in
519 547 636 597 toto,
666 547 815 587 morte
845 547 1116 603 preventus,
1147 542 1393 588 restituere
1420 540 1675 603 nequivit4.

825 689 865 734 M
888 688 990 736 CCC
1012 690 1122 735 LIII.

339 807 451 855 224.
480 836 544 844 —
567 809 701 856 Anno
727 807 908 855 Domini
934 808 985 856 M⁰
1003 815 1111 857 CCC⁰
1137 816 1253 867 ΜΗΘ,
1283 809 1357 856 die
1383 808 1537 857 Sancti
1559 812 1680 857 Luce

273 884 573 947 evangeliste,
609 885 655 931 in
687 885 956 933 Alemannie
993 885 1221 948 partibus,
1252 886 1337 933 fuit
1369 892 1494 933 terre
1525 892 1681 934 motus

272 961 494 1009 terribilis
508 961 637 1025 cujus
654 962 902 1009 violenscia
918 961 1020 1026 (sic)
1038 962 1203 1010 Basilie
1219 963 1380 1010 civitas
1401 968 1447 1010 et
1461 963 1681 1010 nonnulle

273 1037 358 1084 alie
384 1038 593 1085 funditus
617 1038 805 1085 absorte
835 1039 938 1102 (sic)
967 1041 1295 1086 corruerunt?

338 1113 450 1163 225.
476 1142 539 1150 -
560 1114 625 1161 De
651 1130 755 1177 rege
781 1115 1003 1162 Navarra.
1029 1144 1093 1151 —
1113 1116 1327 1173 Karolus,
1352 1132 1435 1163 rex
1455 1119 1677 1171 Navarre‚

272 1189 398 1252 apud
422 1189 659 1238 Vivarium
685 1189 730 1236 in
758 1193 895 1252 Brya,
925 1190 1065 1236 filiam
1090 1191 1311 1239 Johannis
1337 1192 1460 1255 regis
1477 1191 1682 1254 despon-

273 1265 408 1322 savit,
436 1265 508 1312 cui
531 1282 615 1311 rex
639 1266 684 1311 in
704 1267 915 1312 favorem
941 1266 1032 1313 filie
1059 1283 1200 1328 quam
1220 1283 1362 1329 super
1382 1283 1545 1314 omnes
1571 1267 1682 1313 alias

272 1339 509 1408 diligebat,
538 1347 701 1388 contra
726 1341 1013 1388 voluntatem
1045 1342 1299 1389 multorum
1326 1359 1543 1407 magnam
1569 1360 1679 1406 par-

272 1423 367 1464 tem
408 1418 602 1466 ducatus
640 1418 920 1465 Normannie
957 1419 1083 1466 dono
1121 1418 1250 1466 dedit
1287 1419 1332 1466 in
1372 1419 1680 1483 prejudicium

272 1494 423 1558 regni,
453 1501 504 1542 ut
528 1494 754 1558 patebit3.

339 1570 450 1618 226.
480 1599 544 1606 -
568 1571 745 1618 Eodem
778 1588 919 1629 anno,
948 1571 1072 1619 idem
1098 1572 1312 1629 Karolus,
1343 1589 1426 1619 rex
1454 1576 1676 1629 Navarre,

272 1654 469 1711 propter
485 1648 687 1711 quedam
705 1648 923 1711 injuriosa
944 1648 1089 1696 verba
1109 1667 1134 1696 a
1154 1650 1323 1697 Karolo
1345 1650 1402 1698 de
1425 1650 1675 1713 Hyspania,

272 1725 642 1773 conestabulario
670 1726 876 1783 Francie‚
912 1727 1110 1790 prolata,
1141 1733 1191 1774 ut
1223 1727 1480 1783 dicebatur,
1516 1734 1680 1774 contra

272 1819 396 1859 eum,
413 1802 456 1849 in
475 1803 581 1849 villa
595 1820 685 1866 que
699 1803 877 1866 Aquilla
895 1803 1064 1851 dicitur
1080 1804 1235 1866 ipsum
1255 1804 1676 1852 conestabularium

271 1879 527 1943 proditorie
562 1880 700 1944 jussit
740 1876 986 1927 interfici&
1031 1880 1163 1928 Unde
1205 1897 1311 1928 cum
1353 1886 1549 1944 propter
1591 1882 1680 1928 hoc

272 1972 429 2003 coram
456 1973 566 2020 rege
593 1973 889 2020 comparens,
908 1957 1182 2021 justicia[m]
1212 1957 1319 2004 inde
1344 1957 1402 2005 de
1429 1957 1506 2004 illo
1527 1958 1678 2004 facere

271 2032 561 2097 precepisset
573 2038 619 2079 et
633 2033 690 2080 de
709 2033 905 2081 consciis
922 2034 1109 2081 sceleris
1127 2034 1420 2098 perpetratti,
1439 2034 1496 2081 ad
1515 2050 1679 2097 preces

271 2115 428 2156 tamen
454 2109 699 2156 cardinalis
723 2110 1027 2165 Boloniensis,
1052 2109 1232 2174 cognati
1252 2110 1340 2167 sui,
1361 2116 1501 2173 atque
1518 2110 1678 2174 regine

271 2186 487 2243 Blanche,
510 2186 686 2234 sororis
703 2187 826 2251 regis
843 2189 1063 2244 Navarre,
1085 2187 1172 2234 sibi
1190 2187 1339 2234 scelus
1358 2187 1678 2250 nephandissi-

271 2279 400 2311 mum
424 2264 652 2327 pepercit,
677 2263 790 2311 dum
812 2270 967 2310 tamen
993 2264 1302 2327 cappellanias
1325 2264 1441 2311 duas
1460 2263 1677 2311 fundaret

322 2430 354 2465 1.
376 2428 436 2465 On
456 2439 699 2475 remarquera
719 2439 791 2475 que
812 2439 853 2464 ce
874 2439 1047 2464 nouveau
1078 2439 1234 2476 passage
1255 2428 1380 2465 relatis
1397 2429 1418 2465 a
1439 2428 1610 2475 l'abbaye
1631 2427 1676 2463 de

273 2487 526 2524 SaInt-Denis
546 2493 602 2523 est
623 2487 838 2534 egalement
860 2487 1081 2533 particulier
1100 2487 1121 2523 a
1142 2493 1248 2524 notre
1269 2487 1502 2535 Chronique.

319 2547 354 2583 2.
378 2547 448 2583 Les
469 2549 614 2583 memes
635 2547 722 2582 faits
744 2552 830 2582 sont
850 2547 1044 2593 rapportes
1066 2558 1131 2593 par
1152 2547 1185 2583 le
1206 2548 1486 2584 Continuateur
1505 2547 1551 2582 dc
1573 2546 1600 2581 G
1610 2546 1678 2581 uil-

274 2606 400 2643 laume
422 2605 467 2642 de
488 2606 646 2653 Nangis,
668 2605 689 2641 a
710 2605 857 2641 l’annee
879 2605 966 2641 1354
991 2608 1030 2651 (t.
1054 2605 1104 2652 ΙΙ,
1128 2618 1163 2653 p.
1185 2606 1280 2651 226).

322 2665 354 2701 3.
378 2665 430 2701 Le
444 2664 613 2712 mariage
628 2665 677 2700 du
695 2665 750 2700 roi
766 2664 810 2699 de
826 2663 991 2700 Navarre
1007 2670 1071 2700 eut
1085 2665 1161 2701 lieu
1176 2676 1222 2701 au
1241 2665 1339 2701 mois
1356 2665 1401 2701 de
1418 2664 1556 2700 sevi-ier
1573 2663 1676 2699 1352.

322 2725 355 2759 4.
379 2723 535 2760 Charles
564 2724 776 2771 d'Espagno
807 2723 864 2758 t'ut
891 2723 1079 2759 assassine
1107 2724 1128 2759 a
1156 2724 1300 2771 Laigle,
1323 2724 1356 2760 le
1377 2726 1396 2759 S
1414 2722 1563 2769 jam-ior
1590 2722 1677 2758 1354

277 2783 335 2829 (cf.
360 2783 561 2829 Froissart,
583 2783 641 2819 ed.
665 2783 780 2828 Luce,
804 2787 829 2818 t.
854 2781 922 2828 IV,
945 2794 980 2828 p.
1006 2794 1054 2828 LI,
1076 2794 1114 2818 n.
1140 2784 1185 2828 1).
