2060 3345
153 284 256 329 1328]
520 284 726 317 RICHARDI
754 283 880 316 SCOTI
909 283 1174 316 CHRONICON.
1508 280 1544 314 ’11

148 381 253 412 eum
289 363 484 410 citarent
508 360 667 408 venire
698 360 757 408 ad
792 377 951 425 regem
987 376 1075 424 pro
1110 358 1325 422 homagio
1356 358 1550 406 ducatus

147 441 391 504 Aquitanie
432 437 660 486 faciendo.
697 438 780 495 Qui
819 438 896 485 diu
938 438 985 484 in
1026 437 1189 501 Anglia
1232 442 1549 499 expectantes,

147 518 273 581 loqui
299 517 397 581 regi
424 515 585 579 Anglie
616 514 875 561 nullatenus
902 520 1173 577 potuerunt,
1203 513 1285 560 sed
1317 529 1422 560 cum
1452 512 1552 576 ejus

148 600 298 642 matre
321 594 582 655 loquentes,
607 590 748 638 modo
774 590 991 637 muliebri
1017 606 1296 653 responsum
1322 589 1549 652 ineptum,

149 678 200 719 ut
232 670 416 725 dicitur,
447 673 740 732 receperunt,
770 667 855 724 Qui
889 667 1090 714 termino
1125 668 1305 730 profixo
1337 667 1381 713 in
1414 670 1556 714 Fran-

148 749 267 795 ciam
293 751 583 793 revertentes
609 745 704 809 regi
735 761 825 807 que
850 744 1054 791 fecerant
1080 749 1123 790 et
1148 744 1405 800 audierant,
1430 749 1555 790 retu-

149 825 319 871 lerunt.

216 900 347 947 48-d.
379 927 442 934 --
461 902 583 962 Papa
609 899 840 946 ,Iohannes
862 898 1090 960 quosdam
1119 913 1366 960 processus
1394 902 1555 944 contra

149 981 338 1025 Petrum
379 975 601 1024 Ranuchii
640 976 786 1022 factos
826 975 905 1038 qui
943 974 1058 1021 falso
1095 974 1283 1021 nomine
1317 991 1365 1021 se
1399 975 1555 1022 vocari

148 1070 319 1117 papam
340 1053 607 1099 Nicliolaum
629 1052 843 1107 faciebat,
866 1068 951 1114 per
977 1051 1251 1114 episcopum
1273 1051 1551 1098 Iratensem⁴

149 1131 257 1178 fecit
276 1129 477 1177 Parisius
500 1129 742 1193 publicari.
768 1132 817 1175 In
840 1127 1009 1191 quibus
1036 1127 1361 1175 continebatur
1382 1128 1558 1175 dictum

147 1211 335 1255 Petrum
377 1223 483 1254 cum
526 1206 729 1269 quadam
766 1205 888 1252 dicta
924 1206 1131 1253 Johanna
1169 1204 1363 1252 Mathie2
1399 1205 1558 1251 matri-

150 1285 359 1331 monium
384 1289 490 1330 ante
516 1283 780 1346 ingressum
812 1282 989 1330 ordinis
1022 1297 1390 1337 consummasse,
1422 1286 1466 1327 et
1498 1281 1556 1328 ad

150 1361 299 1424 ipsam
324 1360 478 1407 redIre
506 1359 680 1423 pluries
705 1360 872 1406 citatus
899 1359 1049 1406 fuerat
1072 1375 1157 1405 nec
1176 1358 1380 1415 volebat,
1405 1358 1558 1405 claves

150 1437 350 1484 Ecclesie
378 1436 686 1499 vilipendens.
719 1435 787 1483 Ob
815 1436 902 1482 hoc
928 1452 1048 1498 papa
1073 1440 1295 1498 tanquam
1321 1440 1561 1482 contuma-

151 1531 252 1562 cem
278 1514 434 1577 ipsum
459 1513 909 1560 excommunicatum
925 1512 1098 1559 virtute
1119 1511 1350 1559 dictorum
1372 1528 1560 1575 proces-

151 1607 287 1638 suum
314 1590 498 1653 publice
525 1589 784 1637 nuntiabat.

218 1667 344 1712 49-42.
379 1693 442 1701 —
479 1667 578 1712 Rex
610 1664 798 1712 Francie
839 1680 946 1711 cum
981 1664 1172 1711 consilio
1214 1680 1297 1710 suo
1332 1663 1559 1711 deliberat

150 1747 307 1789 utrum
334 1747 529 1804 propter
550 1741 786 1788 defectum
817 1739 1016 1786 hominis
1041 1744 1088 1786 et
1116 1739 1338 1803 homagii,
1364 1739 1558 1787 ducatus

151 1818 394 1881 Aquitanie
431 1817 518 1864 sibi
555 1823 599 1864 et
640 1834 723 1864 suo
764 1816 973 1865 dominio
1015 1816 1184 1865 debeat
1223 1817 1463 1881 applicari.
1506 1821 1558 1864 Et

150 1900 342 1958 accepto
373 1894 499 1957 quod
531 1911 643 1952 non,
673 1895 755 1942 sed
788 1895 938 1942 solum
969 1893 1096 1957 quod
1123 1894 1320 1941 durante
1346 1899 1561 1958 tempore

151 1971 402 2019 vacationis
423 1971 692 2036 hommagii,
715 1971 956 2034 supposita
976 1971 1192 2018 citatione
1214 1971 1386 2028 debita,
1413 1971 1562 2018 domi-

151 2064 238 2094 nus
258 2047 443 2094 interim
466 2046 524 2093 de
543 2052 669 2093 terra
686 2047 867 2093 vassalli
890 2048 1044 2109 p'olest
1065 2046 1215 2094 facere
1234 2047 1413 2094 fructus
1431 2064 1558 2102 suos,

153 2141 395 2187 usquequo
422 2123 645 2171 vassallus
678 2123 736 2170 ad
768 2124 1036 2188 homagium
1070 2130 1357 2180 revertatur3
1387 2124 1448 2170 ol)
1475 2123 1562 2170 hoc

151 2204 281 2251 missi
329 2209 438 2251 sunt
479 2203 524 2250 in
573 2203 879 2250 Guasconiam
924 2202 1264 2250 Attrebatensis
1311 2202 1561 2266 episcopus

151 2284 314 2328 Petrus
356 2280 549 2345 Rogeri,
593 2279 704 2326 olim
745 2279 888 2327 abbas
924 2280 1159 2335 Fiscanni,
1196 2279 1457 2342 nobilisque
1489 2280 1562 2326 vir

152 2359 369 2405 dominus
394 2358 452 2405 de
479 2357 695 2406 Cre-duno
723 2363 771 2404 ut
795 2357 1162 2405 emolumentum
1189 2357 1325 2421 hujus
1354 2363 1478 2404 terre
1516 2357 1558 2402 in

151 2452 291 2482 manu
317 2435 441 2498 regis
468 2439 711 2498 ponerent,
740 2450 984 2497 usquequo
1008 2452 1091 2482 rex
1121 2435 1283 2496 Anglie
1313 2433 1401 2481 sibi
1432 2432 1562 2480 debi—

152 2517 253 2559 tuin
281 2511 549 2576 homagium
582 2511 900 2574 persolvisset.
930 2515 996 2559 Ex
1024 2511 1310 2560 habundanti
1336 2528 1448 2558 vero
1478 2527 1558 2556 rex

202 2643 234 2677 l.
259 2655 275 2674 «
294 2642 544 2678 Relatensem
560 2655 576 2675 »
595 2641 884 2686 (Continuation
905 2641 950 2677 de
971 2642 1191 2678 Guillaume
1213 2641 1259 2678 de
1280 2641 1442 2686 Nangis,
1460 2647 1485 2675 t.
1509 2639 1562 2677 ΙΙ,

154 2713 188 2747 p.
214 2701 311 2747 105„
336 2701 454 2746 Ricti,
477 2713 525 2737 au
546 2701 670 2737 duola}
692 2700 736 2736 de
760 2701 929 2746 Spolete.

204 2758 235 2794 2.
259 2758 313 2793 (jis.
341 2758 495 2805 Baluze,
525 2761 606 2794 Vita·
627 2770 708 2804 pap,
733 2759 920 2800 minima,
945 2763 969 2795 t.
992 2759 1021 2797 I.
1046 2758 1117 2795 col.
1142 2758 1222 2794 702.
