2060 3345
466 399 507 435 3ss
840 403 1044 435 RICIIARDI
1073 402 1197 435 SCOTI
1227 402 1491 436 CHRONICON.
1758 404 1860 449 [1334

464 484 696 530 civitatem
714 487 891 545 Beroyc
914 488 1242 544 recuperantes
1263 482 1416 545 ipsum
1432 482 1702 531 Eduardum
1718 500 1742 530 a
1760 485 1863 531 fini-

463 559 551 606 bus
576 558 707 623 regni
733 558 884 605 Scotie
910 557 1111 621 turpiter
1136 557 1388 622 ejecerunt.

528 643 606 687 87.
645 668 707 675 —
736 642 890 686 Mense
922 639 1176 697 decembri,
1205 641 1290 688 1111⁰
1324 641 1414 697 die,
1454 658 1574 704 papa
1608 641 1858 698 Johannes,

461 732 582 762 anno
600 714 701 763 ΧῙΧο
719 715 1015 778 pontificatus
1033 715 1121 772 sui,
1146 715 1259 763 obiit
1281 733 1586 780 erroremque
1606 717 1664 764 de
1686 717 1862 764 visione

461 792 592 838 beata
612 807 753 854 quam
769 790 847 838 diu
867 796 1079 838 tenuerat
1095 796 1142 838 et
1159 791 1341 854 publice
1358 793 1698 855 predicaverat,
1719 793 1863 840 insus-

459 866 668 913 ficienter
701 872 856 913 tamen
883 872 933 914 ut
958 867 1097 930 aliqui
1132 867 1308 925 dicunt,
1340 868 1545 915 moriens
1577 868 1859 916 revocavit4.

459 943 536 990 Cui
557 942 773 999 Jacobus,
795 948 951 990 sancte
970 944 1124 992 Prisce
1145 945 1392 1008 presbyter
1411 944 1672 1002 cardinalis,
1694 945 1863 992 Cister-

459 1018 624 1067 ciensis
641 1019 834 1076 ordinis,
857 1019 957 1068 ΧΙΧ0
973 1020 1049 1068 die
1069 1020 1277 1084 ejusdem
1295 1020 1469 1068 mensis
1489 1038 1573 1085 per
1591 1022 1861 1069 electionem

458 1095 727 1153 succedens,
763 1103 866 1146 v111³
900 1097 974 1144 die
1002 1097 1201 1161 januarii
1227 1104 1525 1146 consecratur
1559 1115 1611 1146 ac
1640 1098 1863 1147 Benedic-

460 1178 532 1219 tus
558 1176 658 1230 XII,
688 1191 809 1238 papa
836 1174 1181 1222 ducentesimus
1207 1175 1404 1238 primus,
1435 1176 1711 1239 appellatur.

524 1255 655 1302 88-h.
697 1283 761 1291 —
799 1258 898 1303 Rex
938 1256 1128 1304 Francie
1168 1256 1407 1320 Philippus
1445 1257 1533 1304 iter
1574 1257 1772 1320 arripuit
1813 1263 1864 1304 ut

456 1332 698 1378 Summum
734 1331 1006 1379 Pontificem
1031 1332 1090 1380 de
1129 1348 1251 1379 novo
1283 1338 1493 1380 creatum
1523 1333 1750 1390 visitaret,
1779 1333 1863 1381 sed

455 1407 813 1469 superveniente
839 1408 1125 1463 infirmitate,
1156 1425 1263 1455 cum
1295 1409 1426 1471 quasi
1452 1410 1658 1457 medium
1685 1409 1863 1457 itineris

454 1482 524 1529 sui
551 1483 828 1547 peregisset,
853 1483 1044 1530 consilio
1070 1483 1363 1531 medicorum
1384 1484 1442 1532 ad
1469 1485 1662 1548 propria
1684 1501 1864 1532 remea-

454 1559 538 1606 vit.
578 1560 695 1608 Misit
739 1566 894 1608 tamen
934 1561 1149 1609 solennes
1192 1561 1387 1609 nuncios
1428 1561 1487 1609 ad
1527 1562 1682 1625 ipsum
1720 1578 1864 1624 super

454 1636 734 1698 quibusdam
759 1638 1064 1700 petitionibus
1090 1639 1388 1702 tangentibus
1423 1639 1691 1702 passagium
1722 1642 1862 1686 Terre

453 1715 617 1761 Sancte
637 1713 682 1760 in
705 1715 875 1777 quibus
896 1715 1093 1762 multum
1113 1715 1230 1762 bene
1250 1732 1369 1778 papa
1392 1731 1440 1762 se
1460 1716 1621 1763 habuit
1638 1716 1857 1780 gratiose,

452 1790 732 1852 quibusdam
750 1797 905 1839 tamen
921 1808 1003 1839 sue
1020 1791 1365 1839 deliberationis
1379 1792 1571 1839 consilio
1588 1792 1858 1840 reservatis.

518 1874 596 1919 89.
620 1900 684 1908 —
703 1873 832 1921 Circa
857 1874 1077 1930 Parisius,
1101 1874 1147 1920 in
1172 1873 1325 1937 vigilia
1347 1874 1498 1922 Sancti
1519 1874 1721 1921 Nicholai
1747 1874 1860 1938 hye-

451 1949 602 2006 malis,
639 1950 795 1997 audita
827 1957 934 1997 sunt
958 1951 1164 1997 tonitrua
1198 1966 1305 1997 cum
1338 1951 1769 1998 choruscationibus
1798 1950 1860 1997 ita

450 2041 617 2090 magna
641 2043 696 2073 ac
721 2027 758 2074 si
785 2033 909 2074 esset
938 2027 985 2074 in
1019 2027 1136 2074 festo
1170 2027 1307 2075 Marie
1339 2027 1624 2091 Magdalene.
1655 2031 1861 2075 Fuerunt

450 2101 590 2148 etiam
626 2102 672 2149 in
707 2104 885 2151 octabis
922 2104 1068 2151 sancti
1102 2103 1323 2152 Johannis
1350 2105 1632 2168 evangeliste
1658 2104 1862 2151 tonitrua

449 2177 567 2225 sicut
587 2195 746 2241 supra,
773 2196 827 2226 ac
853 2180 991 2228 etiam
1009 2187 1111 2228 XIXa
1131 2180 1204 2228 die
1222 2180 1442 2244 januarii,
1465 2181 1679 2244 quamvis
1697 2180 1862 2244 hyems

450 2253 619 2318 frigida
648 2255 786 2302 nimis
812 2262 957 2303 esset.

516 2339 594 2384 90.
611 2365 673 2373 —
689 2339 802 2402 Cap.
830 2339 1130 2387 CLXXVIIa.
1147 2368 1211 2376 —
1226 2341 1473 2396 Johannes,
1490 2340 1586 2388 dux
1600 2339 1854 2395 Britannie,

449 2413 749 2462 considerans
787 2414 963 2463 bonum
999 2417 1130 2480 regni
1166 2417 1381 2473 Francie,
1421 2416 1680 2480 periculum
1714 2416 1860 2463 eciam

450 2490 576 2552 quod
597 2490 748 2538 eidem
766 2508 911 2556 regno
930 2500 1090 2555 posset
1111 2494 1157 2540 in
1182 2494 1338 2541 futuro
1358 2494 1561 2549 evenire,
1586 2492 1732 2540 voluit
1754 2509 1862 2555 pre-

448 2565 625 2613 dictum
643 2566 863 2614 ducatum
881 2567 1115 2616 dimittere
1136 2570 1234 2633 regi
1253 2569 1441 2617 Francie
1462 2574 1572 2632 post
1591 2568 1854 2624 decessum,

450 2642 513 2689 ita
545 2648 698 2689 tamen
733 2644 860 2706 quod
893 2645 930 2691 si
965 2652 1071 2707 post
1110 2646 1354 2693 decessum
1392 2646 1490 2709 ejus
1521 2645 1686 2708 aliquis
1721 2646 1857 2692 heres

451 2726 714 2782 appareret,
745 2720 896 2768 eidem
928 2721 1079 2785 aliqua
1112 2729 1236 2770 terra
1272 2723 1505 2770 sufficiens
1539 2723 1857 2786 assignaretur

499 2866 532 2901 1.
556 2865 609 2901 Cf.
627 2866 779 2903 Denifle
799 2872 836 2904 et
852 2867 1074 2915 Chatelain,
1089 2869 1257 2906 Chartul.
1277 2870 1437 2906 Univers.
1454 2871 1593 2916 Paris„
1610 2874 1636 2905 t.
1654 2869 1705 2916 ΙΙ,
1721 2881 1756 2915 p.
1774 2869 1855 2905 440.
