2060 3345
221 332 324 378 1361]
447 335 652 368 RICHARDI
681 334 807 368 SCOTI
835 334 1042 367 CIIRONICI
1070 335 1379 368 CONTINUATIO.
1552 333 1616 367 140

211 414 511 480 jocunditatis
530 413 777 462 resonabat
795 414 974 477 solique
992 415 1099 463 inde
1116 415 1335 462 dolebant
1354 414 1620 478 proditores

217 492 406 556 pessimi
439 497 485 539 et
514 496 729 555 raptores
760 491 946 547 notorii,
977 491 1194 540 timentes
1225 508 1298 549 ne,
1336 508 1449 555 pace
1480 491 1615 546 facta,

215 586 303 634 pro
316 568 410 616 suis
424 568 658 616 sceleratis
673 567 853 615 actibus
870 573 916 614 et
933 567 1172 616 demeritis
1190 569 1407 625 accusati,
1422 569 1621 616 finaliter

218 646 495 710 punirentur
511 664 521 702 3
539 645 621 693 sed
636 660 740 692 cum
755 644 1042 707 impossibile
1064 645 1129 692 eis
1144 651 1266 693 esset
1287 652 1469 694 assueta
1483 647 1622 693 relin-

217 739 360 786 quere
382 728 543 770 etcum
556 722 740 769 fortuna
761 727 942 768 mutare
958 721 1084 769 vices
1101 728 1375 785 opporteret
1391 723 1497 787 ne[c
1515 740 1623 787 pos-

216 799 336 862 sent]
359 799 596 846 turmatim
623 798 881 845 incedendo
907 814 1047 862 agere
1072 799 1246 846 scelera
1273 816 1363 861 que
1389 800 1618 856 solebant,

215 875 301 923 sub
313 875 452 921 variis
467 874 718 937 capitaneis
730 879 990 922 statuerunt
1004 874 1062 922 de
1077 881 1233 922 cetero
1245 876 1444 923 militare
1460 882 1509 923 ut
1521 877 1623 924 ubi-

215 952 507 1016 queliberius
523 951 849 1015 predarentur.
868 951 939 998 Hii
954 952 1162 999 scelerati
1176 952 1386 1000 homines
1397 969 1454 999 ex
1468 952 1623 999 diver-

215 1029 277 1076 sis
303 1027 567 1074 nationibus
588 1033 750 1074 mutuo
770 1027 958 1074 adunati
980 1033 1026 1075 et
1047 1044 1095 1075 se
1114 1031 1325 1093 Magnam
1343 1029 1622 1076 Concionem

215 1105 287 1152 vel
327 1104 603 1151 Societatem
646 1104 954 1160 nominantes,
994 1104 1148 1167 primo
1183 1110 1345 1152 contra
1378 1107 1623 1152 Summum

215 1181 484 1229 Pontificem
512 1186 557 1227 et
584 1180 799 1228 dominos
826 1180 1083 1228 cardinales
1111 1197 1193 1228 sue
1220 1181 1423 1244 nequitie
1449 1182 1623 1245 premi-

214 1257 306 1305 cias
335 1256 633 1320 prelibantes,
663 1257 1024 1304 Avinionensem
1058 1257 1222 1304 urbem
1249 1274 1416 1321 capere
1448 1258 1617 1313 conati,

214 1351 306 1381 non
334 1334 483 1381 solum
510 1334 554 1380 in
583 1334 782 1397 patriam
807 1333 1095 1398 adjacentem
1121 1334 1370 1382 crudeliter
1400 1335 1621 1382 seviendo

213 1410 295 1458 sed
335 1411 464 1457 villas
505 1416 551 1458 et
592 1410 766 1474 oppida
804 1426 892 1474 pro
934 1411 1114 1458 viribus
1156 1411 1440 1458 destruendo
1472 1428 1621 1474 usque

212 1487 543 1551 Montpencier,
575 1489 904 1535 Carcassonam
932 1493 978 1534 et
1003 1488 1263 1535 Tholosam.
1294 1488 1621 1536 Temeritatem

212 1564 348 1628 hujus
397 1564 635 1611 concionis
685 1565 841 1628 inique
892 1581 1012 1628 papa
1060 1565 1298 1612 refrenare
1342 1566 1534 1628 cupiens
1574 1566 1619 1611 vi

212 1657 469 1697 armorum,
499 1642 735 1706 ingentem
767 1642 1024 1689 exercitum
1053 1642 1271 1689 cardinali
1301 1643 1499 1690 Ostiensi
1529 1649 1620 1689 tra-

213 1718 330 1766 didit
349 1718 723 1775 conducendum,
742 1718 824 1765 sed
843 1718 1005 1766 videns
1022 1719 1148 1782 quod
1167 1719 1212 1765 vi
1231 1720 1451 1782 nequibat
1468 1720 1619 1783 repel-

211 1795 323 1852 lere,
342 1796 515 1860 ingenti
536 1796 730 1859 pecunia
751 1795 985 1843 redimens
999 1812 1162 1843 eorum
1180 1796 1494 1843 discursiones
1510 1797 1618 1843 lios-

208 1871 329 1929 tiles,
353 1872 544 1919 tandem
569 1872 684 1935 ipsis
705 1873 972 1935 petentibus
992 1873 1257 1937 generalem
1277 1873 1617 1921 absolutionem

210 1947 438 1994 concessit
456 1947 491 2002 1,
539 1947 720 2011 sicque,
771 1948 930 1995 relicta
979 1949 1151 2011 patria,
1207 1949 1447 1996 Franciam
1495 1949 1617 1997 unde

208 2029 499 2070 recesserant
520 2023 689 2070 iterum
708 2030 1006 2087 receperunt.
1036 2027 1161 2071 Tunc
1187 2041 1273 2087 per
1296 2025 1545 2072 Pictaviam
1571 2033 1617 2072 et

208 2099 525 2164 Andegaviam
555 2100 652 2147 sine
681 2100 1001 2148 misericordia
1028 2100 1231 2148 habenas
1260 2118 1342 2150 sue
1369 2102 1616 2149 crudelita-

208 2177 267 2224 tis
293 2177 517 2234 laxantes,
554 2183 759 2225 castrum
786 2178 1027 2227 Vindocini
1054 2179 1112 2226 de
1148 2185 1282 2226 nocte
1314 2196 1400 2243 per
1425 2179 1615 2227 insidias

208 2253 539 2309 subintrantes,
564 2254 627 2301 ibi
654 2254 940 2302 comitissam
967 2262 1012 2302 et
1038 2255 1137 2319 ejus
1163 2256 1303 2303 filiam
1324 2273 1429 2304 cum
1456 2257 1613 2303 multis

207 2329 439 2378 nobilibus
477 2331 737 2395 [ceperunt]
777 2348 895 2394 quos
934 2348 1097 2379 omnes
1141 2349 1260 2380 onus
1304 2333 1613 2397 importabilis

204 2407 541 2470 redemptionis
578 2408 736 2455 subire
773 2414 1042 2472 coegerunt.
1085 2409 1259 2457 Deinde
1294 2427 1380 2472 per
1412 2410 1611 2473 patriam

203 2484 534 2530 Carnotensem
561 2489 606 2530 et
632 2484 951 2531 Aureliensem
975 2485 1076 2549 (sio)
1101 2486 1329 2533 hostiliter
1347 2486 1611 2534 discurren-

203 2565 274 2606 tes
299 2565 343 2606 et
369 2559 571 2607 Parisius
603 2561 867 2618 tendentes,
907 2561 1105 2609 civitatis
1137 2562 1359 2610 suburbia
1392 2563 1610 2611 combus-

252 2690 285 2724 1.
310 2688 384 2725 Sur
406 2689 441 2724 la
460 2690 617 2726 marche
638 2690 705 2726 dcs
733 2690 897 2736 grandes
925 2692 1172 2738 compagnies
1199 2703 1264 2728 sur
1285 2692 1467 2739 Avignon
1489 2700 1521 2728 ct
1556 2693 1608 2727 [os

206 2746 412 2783 tentatives
435 2747 543 2784 faites
564 2759 633 2795 par
655 2748 688 2784 lc
710 2759 804 2795 papo
824 2748 1014 2786 Innoccnt
1036 2750 1091 2786 VI
1112 2761 1207 2797 pour
1231 2752 1311 2787 leur
1334 2751 1503 2787 resistes,
1528 2752 1609 2786 voir

209 2806 412 2850 Froissart,
436 2811 461 2842 t.
485 2807 554 2853 VI,
576 2819 611 2854 p.
635 2819 738 2844 xxxii
758 2813 794 2844 et
813 2819 939 2845 xxxin.
