2060 3345
232 296 333 337 1345]
461 299 666 332 RICHARDI
695 298 821 331 SCOTI
852 298 1058 331 CHRONICI
1087 298 1395 331 CONTINUATIO.
1583 298 1624 334 73

227 382 350 446 regis
382 396 618 434 excessus,
648 379 852 426 duellum
885 380 924 426 ei
957 379 1264 443 personaliter
1291 379 1472 436 obtulit,
1503 381 1630 444 quod

228 458 374 505 noluit
408 462 649 520 acceptare
687 456 836 503 donec
876 457 1055 504 veniret
1094 474 1244 520 prope
1281 457 1506 513 Parisius,
1549 459 1629 506 sed

226 534 284 581 ad
311 534 434 581 aliud
462 539 649 581 vertens
669 538 890 590 mentem,
912 550 998 596 per
1018 534 1280 581 Meduntam
1303 541 1347 581 et
1368 534 1632 583 Mellentum

228 628 374 674 usque
400 611 665 658 Possiacum
694 616 739 657 et
764 609 872 657 inde
906 626 990 672 per
1022 612 1239 658 Sanctum
1272 613 1552 658 Germanum
1585 612 1631 658 in

226 690 364 750 Laya,
391 702 477 749 per
499 689 740 742 Nanterre,
764 685 1148 739 karolinarium‘1‚
1172 689 1375 733 Montem
1401 687 1561 735 Gaudii
1586 693 1631 734 et

226 778 310 825 per
344 767 535 824 portum
573 760 756 809 Luniaci
794 760 1032 815 transivit,
1075 761 1228 807 omnia
1267 762 1626 810 concremando.

224 839 382 886 Nullus
404 839 444 885 ei
465 838 727 894 resistebat,
750 838 831 886 sed
854 837 1033 885 nobiles
1053 854 1137 900 per
1157 838 1257 885 loca
1282 856 1368 902 per
1388 856 1479 902 que
1504 846 1631 888 tran-

225 914 360 969 sibat,
386 931 526 962 naves
547 913 773 978 demergi,
792 921 958 976 pontes
978 913 1098 960 dirui
1118 913 1345 962 faciebant
1358 931 1464 962 cum
1484 915 1632 963 admi-

223 990 402 1037 ratione
430 990 701 1037 multorum.
726 994 824 1038 Rex
849 989 1038 1037 Francie
1061 1006 1190 1046 vero,
1216 1006 1320 1037 cum
1347 990 1484 1038 beato
1509 994 1632 1055 Dyo-

224 1067 342 1114 nisio
383 1067 552 1114 devote
593 1083 642 1114 se
683 1066 1136 1123 recommendasset,
1180 1073 1225 1113 et
1267 1083 1429 1132 regem
1470 1068 1631 1132 Anglie

223 1143 483 1191 monuisset
508 1150 558 1191 ut
589 1143 794 1191 duellum
820 1143 1106 1207 promissum
1133 1143 1428 1207 adimpleret,
1460 1145 1518 1192 ad
1543 1146 1631 1192 hoc

223 1220 623 1277 Montemfortem,
664 1220 792 1268 velut
834 1221 987 1268 locum
1028 1221 1316 1284 propicium,
1357 1221 1627 1286 assignavit,

223 1297 305 1344 sed
345 1303 488 1360 ponte
526 1297 584 1345 de
621 1297 836 1345 Possiaco
872 1304 1089 1361 reparato
1125 1299 1302 1361 absque
1346 1299 1627 1354 resistentia,

222 1391 327 1422 cum
349 1375 730 1422 communitatem
756 1374 1078 1422 Ambianensis
1106 1375 1207 1439 (sic)
1236 1375 1440 1431 vicisset,
1465 1393 1631 1424 versus

222 1451 469 1499 Belvacum
495 1451 665 1499 direxit
685 1451 773 1499 iter
797 1468 950 1508 suum,
969 1468 1078 1516 rege
1098 1452 1289 1500 Francie
1310 1452 1489 1500 deluso.
1508 1456 1633 1501 Tunc

223 1529 506 1576 monasterio
538 1529 690 1576 Sancti
725 1528 911 1576 Luciani
938 1529 1201 1586 combusto,
1232 1545 1382 1593 prope
1417 1530 1632 1578 Abbatis-

222 1605 378 1651 villam
414 1605 660 1661 transiens,
691 1621 776 1651 rex
803 1605 966 1668 Anglie
999 1605 1192 1652 fluvium
1225 1608 1362 1653 Some
1396 1607 1629 1662 transivit,

221 1688 266 1729 et
290 1682 421 1746 juxta
455 1682 677 1729 forestam
705 1682 762 1730 de
790 1682 1004 1730 Greciaco
1036 1682 1170 1745 jussit
1204 1684 1403 1730 tentoria
1438 1683 1628 1738 elevari,

220 1758 346 1822 quod
372 1775 456 1806 rex
477 1758 666 1805 Francie
692 1758 901 1815 audiens,
929 1775 1034 1805 cum
1062 1758 1266 1822 pluries²
1297 1759 1480 1822 publice
1505 1775 1632 1806 asse-

220 1835 390 1882 ruisset
407 1852 457 1882 se
473 1851 584 1882 vere
604 1851 705 1882 esse
726 1835 982 1898 proditum,
1002 1835 1262 1883 coadunato
1276 1836 1502 1891 exercitu,
1524 1853 1630 1883 cum

221 1911 314 1958 filio
353 1928 437 1959 suo
477 1911 667 1959 domino
703 1911 910 1960 Johaline
949 1913 1027 1975 qui
1063 1912 1122 1960 de
1156 1912 1370 1976 Aguillon
1409 1912 1467 1960 de
1507 1929 1631 1960 novo

220 1988 465 2045 redieratss,
491 1988 596 2036 illuc
620 1989 763 2036 flectit
782 1989 886 2036 iter.
909 1993 1035 2036 Tunc
1061 2006 1142 2036 rex
1165 1990 1327 2054 Anglie
1351 2006 1502 2053 prope
1530 2006 1631 2037 are-

220 2081 303 2112 nes
324 2065 573 2127 prandium
594 2066 688 2113 suis
709 2065 905 2113 ducibus
933 2072 1197 2128 paraverat,
1226 2066 1326 2119 sed,
1350 2083 1436 2128 per
1458 2066 1630 2114 aulicos

219 2140 486 2203 proditores
512 2141 670 2188 audito
697 2141 796 2205 ejus
822 2141 1043 2198 adventu,
1074 2142 1295 2205 relinquit
1326 2142 1486 2206 epulas
1522 2159 1630 2206 pre-

219 2222 404 2279 paratas
425 2217 594 2279 quibus
622 2217 782 2265 refecti
809 2218 1107 2282 Francigene,
1138 2219 1230 2266 cito
1248 2224 1355 2282 post
1373 2235 1464 2266 non
1492 2219 1629 2283 longe

217 2292 433 2357 Anglicos
459 2293 518 2340 ad
544 2293 717 2340 bellum
742 2299 930 2357 paratos
957 2294 1164 2358 reperiit,
1189 2311 1310 2358 quos
1336 2311 1438 2352 rex,
1465 2302 1629 2343 contra

268 2425 300 2459 1.
324 2423 375 2459 Le
396 2424 523 2460 meme
545 2424 620 2460 lieu
642 2430 699 2459 est
720 2424 878 2472 designe
902 2436 969 2471 par
988 2425 1087 2461 Jean
1108 2425 1151 2461 de
1174 2424 1340 2462 Venette
1369 2437 1458 2462 sous
1481 2427 1513 2462 lc
1536 2437 1624 2463 nom

219 2482 264 2518 de
298 2484 423 2519 Caroli
459 2485 597 2526 Venna,
636 2484 802 2520 certains
836 2484 1072 2520 manuscrits
1104 2489 1259 2532 portant
1291 2487 1420 2521 Karon
1452 2486 1544 2520 bona
1578 2497 1626 2521 ou

218 2544 347 2577 Karolz'
368 2544 455 2577 bora
478 2543 549 2586 (ed.
574 2544 740 2588 Geraud,
763 2549 789 2578 t.
814 2543 863 2588 ΙΙ,
887 2555 922 2589 p.
947 2543 1040 2589 198).

265 2600 299 2635 ἱ).
323 2601 395 2635 Ms.
415 2603 553 2646 pluro&

266 2659 298 2694 3.
323 2659 353 2694 Il
381 2666 437 2695 cst
464 2660 485 2696 ἡ
511 2660 622 2707 peine
651 2660 785 2696 besoin
811 2661 856 2695 de
885 2661 977 2697 faire
1009 2673 1232 2709 remarquer
1260 2662 1463 2698 l'dvidcntc
1494 2673 1626 2697 errour

218 2716 313 2751 (lans
336 2717 497 2764 laquelle
520 2724 629 2755 notre
651 2724 787 2755 auteur
806 2719 932 2755 tumbe
955 2720 1003 2755 ici
1024 2731 1073 2757 en
1093 2721 1248 2768 placant
1275 2722 1308 2756 lo
1336 2726 1463 2757 retour
1483 2721 1531 2756 du
1553 2722 1625 2757 ‹luc

219 2775 263 2811 de
286 2776 517 2813 Normandio
541 2784 656 2814 avant
680 2778 714 2814 la
736 2778 889 2814 bataillc
910 2778 954 2814 do
976 2779 1112 2827 (Ἀόος.
