<?xml version="1.0" encoding="UTF-8"?>
<!DOCTYPE html PUBLIC "-//W3C//DTD XHTML 1.0 Transitional//EN"
    "http://www.w3.org/TR/xhtml1/DTD/xhtml1-transitional.dtd">
<html xmlns="http://www.w3.org/1999/xhtml" xml:lang="en" lang="en">
 <head>
  <title>
</title>
<meta http-equiv="Content-Type" content="text/html;charset=utf-8" />
  <meta name='ocr-system' content='tesseract 3.04.00' />
  <meta name='ocr-capabilities' content='ocr_page ocr_carea ocr_par ocr_line ocrx_word'/>
</head>
<body>
  <div class='ocr_page' id='page_1' title='image "./chroniquedericha00lescuoft_0217.png"; bbox 0 0 2060 3345; ppageno 0'>
   <div class='ocr_carea' id='block_1_1' title="bbox 296 294 1693 341">
    <p class='ocr_par' dir='ltr' id='par_1_1' title="bbox 296 294 1693 341">
     <span class='ocr_line' id='line_1_1' title="bbox 296 294 1693 341; baseline 0.002 -11"><span class='ocrx_word' id='word_1_1' title='bbox 296 294 400 341; x_wconf 77' lang='lat'>1359]</span> <span class='ocrx_word' id='word_1_2' title='bbox 522 298 728 331; x_wconf 87' lang='lat' dir='ltr'>RICHARDI</span> <span class='ocrx_word' id='word_1_3' title='bbox 756 297 884 330; x_wconf 81' lang='lat' dir='ltr'>SCOTI</span> <span class='ocrx_word' id='word_1_4' title='bbox 912 298 1119 332; x_wconf 87' lang='lat' dir='ltr'>CHRONICI</span> <span class='ocrx_word' id='word_1_5' title='bbox 1148 297 1455 332; x_wconf 84' lang='lat' dir='ltr'><strong>CONTINUATIO.</strong></span> <span class='ocrx_word' id='word_1_6' title='bbox 1627 296 1693 333; x_wconf 75' lang='lat'>143</span> 
     </span>
    </p>
   </div>
   <div class='ocr_carea' id='block_1_2' title="bbox 284 374 1695 1815">
    <p class='ocr_par' dir='ltr' id='par_1_2' title="bbox 284 374 1695 1815">
     <span class='ocr_line' id='line_1_2' title="bbox 292 374 1692 440; baseline 0 -18"><span class='ocrx_word' id='word_1_7' title='bbox 292 375 430 422; x_wconf 91' lang='lat' dir='ltr'>dione</span> <span class='ocrx_word' id='word_1_8' title='bbox 455 375 614 432; x_wconf 84' lang='lat' dir='ltr'>cinxit,</span> <span class='ocrx_word' id='word_1_9' title='bbox 638 374 704 422; x_wconf 91' lang='lat' dir='ltr'>sic</span> <span class='ocrx_word' id='word_1_10' title='bbox 731 391 926 437; x_wconf 87' lang='lat' dir='ltr'>sperans</span> <span class='ocrx_word' id='word_1_11' title='bbox 948 375 1072 423; x_wconf 88' lang='lat' dir='ltr'>illam</span> <span class='ocrx_word' id='word_1_12' title='bbox 1096 375 1276 440; x_wconf 80' lang='lat' dir='ltr'>ingredi</span> <span class='ocrx_word' id='word_1_13' title='bbox 1301 381 1353 423; x_wconf 89' lang='lat' dir='ltr'>ut</span> <span class='ocrx_word' id='word_1_14' title='bbox 1376 391 1425 423; x_wconf 90' lang='lat' dir='ltr'>se</span> <span class='ocrx_word' id='word_1_15' title='bbox 1448 375 1620 423; x_wconf 90' lang='lat' dir='ltr'>faceret</span> <span class='ocrx_word' id='word_1_16' title='bbox 1645 377 1692 423; x_wconf 90' lang='lat' dir='ltr'>in</span> 
     </span>
     <span class='ocr_line' id='line_1_3' title="bbox 291 451 1694 516; baseline 0.001 -18"><span class='ocrx_word' id='word_1_17' title='bbox 291 468 453 516; x_wconf 90' lang='lat' dir='ltr'>regem</span> <span class='ocrx_word' id='word_1_18' title='bbox 486 451 675 499; x_wconf 91' lang='lat' dir='ltr'>Francie</span> <span class='ocrx_word' id='word_1_19' title='bbox 706 451 866 515; x_wconf 91' lang='lat' dir='ltr'>inungi</span> <span class='ocrx_word' id='word_1_20' title='bbox 901 456 945 498; x_wconf 81' lang='lat' dir='ltr'>et</span> <span class='ocrx_word' id='word_1_21' title='bbox 975 452 1207 499; x_wconf 90' lang='lat' dir='ltr'>coronari.</span> <span class='ocrx_word' id='word_1_22' title='bbox 1245 452 1335 500; x_wconf 86' lang='lat' dir='ltr'>Sed</span> <span class='ocrx_word' id='word_1_23' title='bbox 1364 451 1553 499; x_wconf 90' lang='lat' dir='ltr'>tandem</span> <span class='ocrx_word' id='word_1_24' title='bbox 1584 469 1694 516; x_wconf 90' lang='lat' dir='ltr'>per-</span> 
     </span>
     <span class='ocr_line' id='line_1_4' title="bbox 289 527 1692 593; baseline 0.001 -18"><span class='ocrx_word' id='word_1_25' title='bbox 289 528 501 591; x_wconf 88' lang='lat' dir='ltr'>pendens</span> <span class='ocrx_word' id='word_1_26' title='bbox 526 528 692 575; x_wconf 89' lang='lat' dir='ltr'>urbem</span> <span class='ocrx_word' id='word_1_27' title='bbox 719 527 899 574; x_wconf 85' lang='lat' dir='ltr'>viribus</span> <span class='ocrx_word' id='word_1_28' title='bbox 928 528 1115 590; x_wconf 90' lang='lat' dir='ltr'>penitus</span> <span class='ocrx_word' id='word_1_29' title='bbox 1141 529 1567 593; x_wconf 76' lang='lat' dir='ltr'>inexpugnabilem,</span> <span class='ocrx_word' id='word_1_30' title='bbox 1591 530 1692 576; x_wconf 90' lang='lat' dir='ltr'>loco</span> 
     </span>
     <span class='ocr_line' id='line_1_5' title="bbox 290 603 1694 668; baseline 0.001 -17"><span class='ocrx_word' id='word_1_31' title='bbox 290 604 479 661; x_wconf 84' lang='lat' dir='ltr'>cedens,</span> <span class='ocrx_word' id='word_1_32' title='bbox 515 620 600 668; x_wconf 92' lang='lat' dir='ltr'>per</span> <span class='ocrx_word' id='word_1_33' title='bbox 636 603 1099 667; x_wconf 78' lang='lat' dir='ltr'>circumadjacentem</span> <span class='ocrx_word' id='word_1_34' title='bbox 1130 605 1330 668; x_wconf 70' lang='lat' dir='ltr'>patriam,</span> <span class='ocrx_word' id='word_1_35' title='bbox 1364 605 1553 652; x_wconf 86' lang='lat' dir='ltr'>hostiles</span> <span class='ocrx_word' id='word_1_36' title='bbox 1583 622 1694 652; x_wconf 89' lang='lat' dir='ltr'>con-</span> 
     </span>
     <span class='ocr_line' id='line_1_6' title="bbox 289 681 1693 746; baseline 0.001 -18"><span class='ocrx_word' id='word_1_37' title='bbox 289 681 512 728; x_wconf 89' lang='lat' dir='ltr'>tinuando</span> <span class='ocrx_word' id='word_1_38' title='bbox 537 681 790 738; x_wconf 86' lang='lat' dir='ltr'>discursus,</span> <span class='ocrx_word' id='word_1_39' title='bbox 821 697 907 743; x_wconf 93' lang='lat' dir='ltr'>per</span> <span class='ocrx_word' id='word_1_40' title='bbox 937 683 1140 728; x_wconf 79' lang='lat' dir='ltr'>Materne</span> <span class='ocrx_word' id='word_1_41' title='bbox 1172 682 1367 730; x_wconf 83' lang='lat' dir='ltr'>fluvium</span> <span class='ocrx_word' id='word_1_42' title='bbox 1393 682 1693 746; x_wconf 83' lang='lat' dir='ltr'>Campaniam</span> 
     </span>
     <span class='ocr_line' id='line_1_7' title="bbox 289 756 1688 816; baseline 0.001 -11"><span class='ocrx_word' id='word_1_43' title='bbox 289 758 567 806; x_wconf 73' lang='lat' dir='ltr'>subintravit</span> <span class='ocrx_word' id='word_1_44' title='bbox 592 764 638 805; x_wconf 91' lang='lat' dir='ltr'>et</span> <span class='ocrx_word' id='word_1_45' title='bbox 663 757 770 804; x_wconf 88' lang='lat' dir='ltr'>inde</span> <span class='ocrx_word' id='word_1_46' title='bbox 790 756 904 805; x_wconf 80' lang='lat' dir='ltr'>Albe</span> <span class='ocrx_word' id='word_1_47' title='bbox 925 763 971 804; x_wconf 90' lang='lat' dir='ltr'>et</span> <span class='ocrx_word' id='word_1_48' title='bbox 997 759 1170 805; x_wconf 89' lang='lat' dir='ltr'>Secane</span> <span class='ocrx_word' id='word_1_49' title='bbox 1195 758 1350 806; x_wconf 86' lang='lat' dir='ltr'>fluviis</span> <span class='ocrx_word' id='word_1_50' title='bbox 1375 758 1688 816; x_wconf 84' lang='lat' dir='ltr'>transmeatis,</span> 
     </span>
     <span class='ocr_line' id='line_1_8' title="bbox 286 833 1692 899; baseline 0.001 -18"><span class='ocrx_word' id='word_1_51' title='bbox 286 850 393 881; x_wconf 91' lang='lat' dir='ltr'>cum</span> <span class='ocrx_word' id='word_1_52' title='bbox 419 834 533 881; x_wconf 90' lang='lat' dir='ltr'>citra</span> <span class='ocrx_word' id='word_1_53' title='bbox 559 837 685 881; x_wconf 87' lang='lat' dir='ltr'>Yone</span> <span class='ocrx_word' id='word_1_54' title='bbox 705 833 901 881; x_wconf 86' lang='lat' dir='ltr'>fluvium</span> <span class='ocrx_word' id='word_1_55' title='bbox 920 833 1045 896; x_wconf 90' lang='lat' dir='ltr'>apud</span> <span class='ocrx_word' id='word_1_56' title='bbox 1062 834 1219 881; x_wconf 88' lang='lat' dir='ltr'>villam</span> <span class='ocrx_word' id='word_1_57' title='bbox 1239 834 1297 882; x_wconf 91' lang='lat' dir='ltr'>de</span> <span class='ocrx_word' id='word_1_58' title='bbox 1324 834 1572 899; x_wconf 80' lang='lat' dir='ltr'>Colenges1</span> <span class='ocrx_word' id='word_1_59' title='bbox 1592 851 1692 882; x_wconf 91' lang='lat' dir='ltr'>cas—</span> 
     </span>
     <span class='ocr_line' id='line_1_9' title="bbox 287 910 1692 975; baseline 0.001 -18"><span class='ocrx_word' id='word_1_60' title='bbox 287 917 359 957; x_wconf 87' lang='lat' dir='ltr'>tra</span> <span class='ocrx_word' id='word_1_61' title='bbox 392 910 557 958; x_wconf 90' lang='lat' dir='ltr'>metari</span> <span class='ocrx_word' id='word_1_62' title='bbox 588 910 818 974; x_wconf 88' lang='lat' dir='ltr'>jussisset,</span> <span class='ocrx_word' id='word_1_63' title='bbox 855 927 881 956; x_wconf 92' lang='lat' dir='ltr'>a</span> <span class='ocrx_word' id='word_1_64' title='bbox 915 910 1237 973; x_wconf 86' lang='lat' dir='ltr'>compatriotis</span> <span class='ocrx_word' id='word_1_65' title='bbox 1270 912 1447 974; x_wconf 85' lang='lat' dir='ltr'>recepit</span> <span class='ocrx_word' id='word_1_66' title='bbox 1481 912 1692 975; x_wconf 83' lang='lat' dir='ltr'>ingentes</span> 
     </span>
     <span class='ocr_line' id='line_1_10' title="bbox 287 985 1694 1052; baseline 0.001 -19"><span class='ocrx_word' id='word_1_67' title='bbox 287 987 508 1049; x_wconf 89' lang='lat' dir='ltr'>pecunias</span> <span class='ocrx_word' id='word_1_68' title='bbox 540 992 591 1033; x_wconf 88' lang='lat' dir='ltr'>ut</span> <span class='ocrx_word' id='word_1_69' title='bbox 621 1004 646 1032; x_wconf 92' lang='lat' dir='ltr'>a</span> <span class='ocrx_word' id='word_1_70' title='bbox 679 985 888 1043; x_wconf 85' lang='lat' dir='ltr'>cedibus,</span> <span class='ocrx_word' id='word_1_71' title='bbox 915 986 1092 1049; x_wconf 85' lang='lat' dir='ltr'>rapinis</span> <span class='ocrx_word' id='word_1_72' title='bbox 1118 992 1163 1034; x_wconf 92' lang='lat' dir='ltr'>et</span> <span class='ocrx_word' id='word_1_73' title='bbox 1189 987 1414 1034; x_wconf 88' lang='lat' dir='ltr'>incendiis</span> <span class='ocrx_word' id='word_1_74' title='bbox 1439 988 1617 1052; x_wconf 89' lang='lat' dir='ltr'>Anglici</span> <span class='ocrx_word' id='word_1_75' title='bbox 1644 1003 1694 1035; x_wconf 88' lang='lat' dir='ltr'>se</span> 
     </span>
     <span class='ocr_line' id='line_1_11' title="bbox 286 1062 1693 1111; baseline 0 -1"><span class='ocrx_word' id='word_1_76' title='bbox 286 1063 590 1110; x_wconf 87' lang='lat' dir='ltr'>abstinerent.</span> <span class='ocrx_word' id='word_1_77' title='bbox 612 1065 723 1109; x_wconf 89' lang='lat' dir='ltr'>Post</span> <span class='ocrx_word' id='word_1_78' title='bbox 747 1062 832 1109; x_wconf 92' lang='lat' dir='ltr'>hec</span> <span class='ocrx_word' id='word_1_79' title='bbox 851 1079 958 1110; x_wconf 92' lang='lat' dir='ltr'>cum</span> <span class='ocrx_word' id='word_1_80' title='bbox 979 1063 1201 1111; x_wconf 87' lang='lat' dir='ltr'>Gastineti</span> <span class='ocrx_word' id='word_1_81' title='bbox 1223 1070 1268 1110; x_wconf 88' lang='lat' dir='ltr'>et</span> <span class='ocrx_word' id='word_1_82' title='bbox 1286 1064 1436 1111; x_wconf 89' lang='lat' dir='ltr'>Belcie</span> <span class='ocrx_word' id='word_1_83' title='bbox 1457 1064 1693 1111; x_wconf 90' lang='lat' dir='ltr'>territoria</span> 
     </span>
     <span class='ocr_line' id='line_1_12' title="bbox 286 1138 1694 1203; baseline -0.001 -17"><span class='ocrx_word' id='word_1_84' title='bbox 286 1139 604 1202; x_wconf 87' lang='lat' dir='ltr'>pertransiens</span> <span class='ocrx_word' id='word_1_85' title='bbox 618 1138 720 1202; x_wconf 70' lang='lat' dir='ltr'>(sic)</span> <span class='ocrx_word' id='word_1_86' title='bbox 735 1143 781 1186; x_wconf 86' lang='lat' dir='ltr'>et</span> <span class='ocrx_word' id='word_1_87' title='bbox 794 1138 1081 1187; x_wconf 87' lang='lat' dir='ltr'>transeundo</span> <span class='ocrx_word' id='word_1_88' title='bbox 1093 1139 1268 1203; x_wconf 89' lang='lat' dir='ltr'>Anglici</span> <span class='ocrx_word' id='word_1_89' title='bbox 1284 1145 1489 1187; x_wconf 86' lang='lat' dir='ltr'>castrum</span> <span class='ocrx_word' id='word_1_90' title='bbox 1502 1139 1561 1186; x_wconf 93' lang='lat' dir='ltr'>de</span> <span class='ocrx_word' id='word_1_91' title='bbox 1574 1140 1694 1187; x_wconf 91' lang='lat' dir='ltr'>Tho-</span> 
     </span>
     <span class='ocr_line' id='line_1_13' title="bbox 286 1213 1693 1278; baseline 0 -17"><span class='ocrx_word' id='word_1_92' title='bbox 286 1214 459 1270; x_wconf 59' lang='lat' dir='ltr'>riacoss,</span> <span class='ocrx_word' id='word_1_93' title='bbox 484 1214 589 1278; x_wconf 83' lang='lat' dir='ltr'>igne</span> <span class='ocrx_word' id='word_1_94' title='bbox 615 1213 785 1261; x_wconf 87' lang='lat' dir='ltr'>casuali</span> <span class='ocrx_word' id='word_1_95' title='bbox 808 1213 1113 1271; x_wconf 84' lang='lat' dir='ltr'>inflammato,</span> <span class='ocrx_word' id='word_1_96' title='bbox 1140 1215 1374 1278; x_wconf 88' lang='lat' dir='ltr'>cepissent</span> <span class='ocrx_word' id='word_1_97' title='bbox 1398 1221 1444 1262; x_wconf 91' lang='lat' dir='ltr'>et</span> <span class='ocrx_word' id='word_1_98' title='bbox 1464 1214 1693 1278; x_wconf 90' lang='lat' dir='ltr'>opidanos</span> 
     </span>
     <span class='ocr_line' id='line_1_14' title="bbox 286 1291 1694 1355; baseline 0 -17"><span class='ocrx_word' id='word_1_99' title='bbox 286 1308 343 1338; x_wconf 92' lang='lat' dir='ltr'>ne</span> <span class='ocrx_word' id='word_1_100' title='bbox 369 1297 689 1338; x_wconf 85' lang='lat' dir='ltr'>cremarentur</span> <span class='ocrx_word' id='word_1_101' title='bbox 715 1291 976 1338; x_wconf 87' lang='lat' dir='ltr'>successive</span> <span class='ocrx_word' id='word_1_102' title='bbox 1002 1291 1292 1355; x_wconf 87' lang='lat' dir='ltr'>aufugientes</span> <span class='ocrx_word' id='word_1_103' title='bbox 1318 1291 1376 1338; x_wconf 89' lang='lat' dir='ltr'>ad</span> <span class='ocrx_word' id='word_1_104' title='bbox 1407 1291 1694 1354; x_wconf 89' lang='lat' dir='ltr'>redemptio-</span> 
     </span>
     <span class='ocr_line' id='line_1_15' title="bbox 286 1366 1695 1431; baseline -0.001 -16"><span class='ocrx_word' id='word_1_105' title='bbox 286 1385 393 1415; x_wconf 90' lang='lat' dir='ltr'>nem</span> <span class='ocrx_word' id='word_1_106' title='bbox 426 1367 708 1431; x_wconf 87' lang='lat' dir='ltr'>posuissent,</span> <span class='ocrx_word' id='word_1_107' title='bbox 743 1366 933 1414; x_wconf 79' lang='lat' dir='ltr'>tandem</span> <span class='ocrx_word' id='word_1_108' title='bbox 962 1367 1190 1415; x_wconf 82' lang='lat' dir='ltr'>obsesso3</span> <span class='ocrx_word' id='word_1_109' title='bbox 1223 1371 1376 1416; x_wconf 89' lang='lat' dir='ltr'>Monte</span> <span class='ocrx_word' id='word_1_110' title='bbox 1409 1366 1617 1416; x_wconf 81' lang='lat' dir='ltr'>Leherii4</span> <span class='ocrx_word' id='word_1_111' title='bbox 1649 1371 1695 1414; x_wconf 90' lang='lat' dir='ltr'>et</span> 
     </span>
     <span class='ocr_line' id='line_1_16' title="bbox 285 1443 1693 1507; baseline 0 -17"><span class='ocrx_word' id='word_1_112' title='bbox 285 1444 477 1490; x_wconf 90' lang='lat' dir='ltr'>ecclesia</span> <span class='ocrx_word' id='word_1_113' title='bbox 520 1443 627 1490; x_wconf 87' lang='lat' dir='ltr'>ville</span> <span class='ocrx_word' id='word_1_114' title='bbox 671 1448 949 1506; x_wconf 88' lang='lat' dir='ltr'>consumpta</span> <span class='ocrx_word' id='word_1_115' title='bbox 987 1443 1227 1499; x_wconf 90' lang='lat' dir='ltr'>incendio,</span> <span class='ocrx_word' id='word_1_116' title='bbox 1270 1450 1502 1492; x_wconf 88' lang='lat' dir='ltr'>venerunt</span> <span class='ocrx_word' id='word_1_117' title='bbox 1546 1460 1693 1507; x_wconf 89' lang='lat' dir='ltr'>usque</span> 
     </span>
     <span class='ocr_line' id='line_1_17' title="bbox 285 1519 1694 1586; baseline 0 -19"><span class='ocrx_word' id='word_1_118' title='bbox 285 1520 502 1577; x_wconf 87' lang='lat' dir='ltr'>Parisius,</span> <span class='ocrx_word' id='word_1_119' title='bbox 531 1536 617 1583; x_wconf 89' lang='lat' dir='ltr'>per</span> <span class='ocrx_word' id='word_1_120' title='bbox 636 1519 768 1584; x_wconf 89' lang='lat' dir='ltr'>ignes</span> <span class='ocrx_word' id='word_1_121' title='bbox 791 1520 964 1583; x_wconf 85' lang='lat' dir='ltr'>ubique</span> <span class='ocrx_word' id='word_1_122' title='bbox 985 1521 1192 1584; x_wconf 85' lang='lat' dir='ltr'>apositos</span> <span class='ocrx_word' id='word_1_123' title='bbox 1211 1521 1257 1568; x_wconf 89' lang='lat' dir='ltr'>in</span> <span class='ocrx_word' id='word_1_124' title='bbox 1278 1521 1474 1586; x_wconf 87' lang='lat' dir='ltr'>villagiis</span> <span class='ocrx_word' id='word_1_125' title='bbox 1500 1521 1694 1584; x_wconf 90' lang='lat' dir='ltr'>propin-</span> 
     </span>
     <span class='ocr_line' id='line_1_18' title="bbox 285 1596 1694 1660; baseline 0.001 -18"><span class='ocrx_word' id='word_1_126' title='bbox 285 1596 390 1658; x_wconf 88' lang='lat' dir='ltr'>quis</span> <span class='ocrx_word' id='word_1_127' title='bbox 427 1613 563 1643; x_wconf 91' lang='lat' dir='ltr'>suum</span> <span class='ocrx_word' id='word_1_128' title='bbox 598 1596 887 1643; x_wconf 88' lang='lat' dir='ltr'>notificantes</span> <span class='ocrx_word' id='word_1_129' title='bbox 924 1596 1195 1644; x_wconf 87' lang='lat' dir='ltr'>adventum.</span> <span class='ocrx_word' id='word_1_130' title='bbox 1239 1599 1389 1660; x_wconf 86' lang='lat' dir='ltr'>Super</span> <span class='ocrx_word' id='word_1_131' title='bbox 1423 1597 1694 1646; x_wconf 84' lang='lat' dir='ltr'>excessibus</span> 
     </span>
     <span class='ocr_line' id='line_1_19' title="bbox 284 1672 1693 1737; baseline 0.001 -18"><span class='ocrx_word' id='word_1_132' title='bbox 284 1672 605 1720; x_wconf 88' lang='lat' dir='ltr'>immoderatis</span> <span class='ocrx_word' id='word_1_133' title='bbox 629 1673 834 1720; x_wconf 90' lang='lat' dir='ltr'>hostium</span> <span class='ocrx_word' id='word_1_134' title='bbox 855 1673 913 1720; x_wconf 91' lang='lat' dir='ltr'>ad</span> <span class='ocrx_word' id='word_1_135' title='bbox 940 1673 1182 1721; x_wconf 92' lang='lat' dir='ltr'>dominum</span> <span class='ocrx_word' id='word_1_136' title='bbox 1207 1673 1376 1721; x_wconf 90' lang='lat' dir='ltr'>ducem</span> <span class='ocrx_word' id='word_1_137' title='bbox 1402 1674 1693 1737; x_wconf 88' lang='lat' dir='ltr'>querimonie</span> 
     </span>
     <span class='ocr_line' id='line_1_20' title="bbox 284 1749 1694 1815; baseline 0.001 -19"><span class='ocrx_word' id='word_1_138' title='bbox 284 1749 572 1797; x_wconf 84' lang='lat' dir='ltr'>defferuntur</span> <span class='ocrx_word' id='word_1_139' title='bbox 598 1750 677 1813; x_wconf 91' lang='lat' dir='ltr'>qui</span> <span class='ocrx_word' id='word_1_140' title='bbox 708 1756 818 1798; x_wconf 91' lang='lat' dir='ltr'>tunc</span> <span class='ocrx_word' id='word_1_141' title='bbox 845 1750 1121 1814; x_wconf 88' lang='lat' dir='ltr'>magistrum</span> <span class='ocrx_word' id='word_1_142' title='bbox 1155 1752 1408 1815; x_wconf 84' lang='lat' dir='ltr'>Symonem</span> <span class='ocrx_word' id='word_1_143' title='bbox 1436 1750 1494 1798; x_wconf 92' lang='lat' dir='ltr'>de</span> <span class='ocrx_word' id='word_1_144' title='bbox 1525 1751 1694 1815; x_wconf 86' lang='lat' dir='ltr'>Lingo-</span> 
     </span>
    </p>
   </div>
   <div class='ocr_carea' id='block_1_3' title="bbox 281 1889 1694 2824">
    <p class='ocr_par' dir='ltr' id='par_1_3' title="bbox 281 1889 1694 2586">
     <span class='ocr_line' id='line_1_21' title="bbox 283 1889 1694 1938; baseline 0.002 -14"><span class='ocrx_word' id='word_1_145' title='bbox 283 1889 445 1936; x_wconf 79' lang='lat' dir='ltr'>quelleS,</span> <span class='ocrx_word' id='word_1_146' title='bbox 475 1900 525 1926; x_wconf 88' lang='lat' dir='ltr'>en</span> <span class='ocrx_word' id='word_1_147' title='bbox 553 1900 596 1926; x_wconf 83' lang='lat' dir='ltr'>sa</span> <span class='ocrx_word' id='word_1_148' title='bbox 621 1890 766 1938; x_wconf 77' lang='lat' dir='ltr'>qualite</span> <span class='ocrx_word' id='word_1_149' title='bbox 791 1890 837 1927; x_wconf 91' lang='lat' dir='ltr'>de</span> <span class='ocrx_word' id='word_1_150' title='bbox 864 1890 1058 1938; x_wconf 84' lang='lat' dir='ltr'>capitaine</span> <span class='ocrx_word' id='word_1_151' title='bbox 1078 1890 1123 1927; x_wconf 90' lang='lat' dir='ltr'>de</span> <span class='ocrx_word' id='word_1_152' title='bbox 1145 1890 1182 1927; x_wconf 83' lang='lat' dir='ltr'>la</span> <span class='ocrx_word' id='word_1_153' title='bbox 1202 1891 1290 1928; x_wconf 81' lang='lat' dir='ltr'>ville</span> <span class='ocrx_word' id='word_1_154' title='bbox 1319 1890 1365 1927; x_wconf 91' lang='lat' dir='ltr'>de</span> <span class='ocrx_word' id='word_1_155' title='bbox 1393 1890 1555 1927; x_wconf 86' lang='lat' dir='ltr'>Rheims</span> <span class='ocrx_word' id='word_1_156' title='bbox 1576 1891 1694 1927; x_wconf 82' lang='lat' dir='ltr'>etabli</span> 
     </span>
     <span class='ocr_line' id='line_1_22' title="bbox 282 1949 1693 1998; baseline 0.001 -14"><span class='ocrx_word' id='word_1_157' title='bbox 282 1959 350 1995; x_wconf 85' lang='lat' dir='ltr'>par</span> <span class='ocrx_word' id='word_1_158' title='bbox 371 1949 542 1993; x_wconf 76' lang='lat' dir='ltr'>charles,</span> <span class='ocrx_word' id='word_1_159' title='bbox 566 1949 653 1986; x_wconf 81' lang='lat' dir='ltr'>aine</span> <span class='ocrx_word' id='word_1_160' title='bbox 674 1950 733 1985; x_wconf 83' lang='lat' dir='ltr'>fils</span> <span class='ocrx_word' id='word_1_161' title='bbox 753 1950 803 1986; x_wconf 90' lang='lat' dir='ltr'>du</span> <span class='ocrx_word' id='word_1_162' title='bbox 824 1961 909 1998; x_wconf 83' lang='lat' dir='ltr'>roy,</span> <span class='ocrx_word' id='word_1_163' title='bbox 930 1950 1065 1997; x_wconf 78' lang='lat' dir='ltr'>regent</span> <span class='ocrx_word' id='word_1_164' title='bbox 1084 1951 1120 1986; x_wconf 92' lang='grc'>16</span> <span class='ocrx_word' id='word_1_165' title='bbox 1142 1961 1341 1998; x_wconf 87' lang='lat' dir='ltr'>royaume,</span> <span class='ocrx_word' id='word_1_166' title='bbox 1359 1950 1386 1986; x_wconf 97' lang='grc'>11</span> <span class='ocrx_word' id='word_1_167' title='bbox 1406 1950 1580 1987; x_wconf 87' lang='lat' dir='ltr'>ordonne</span> <span class='ocrx_word' id='word_1_168' title='bbox 1601 1961 1693 1997; x_wconf 89' lang='lat' dir='ltr'>que,</span> 
     </span>
     <span class='ocr_line' id='line_1_23' title="bbox 282 2007 1694 2055; baseline 0.001 -12"><span class='ocrx_word' id='word_1_169' title='bbox 282 2019 378 2054; x_wconf 85' lang='lat' dir='ltr'>pour</span> <span class='ocrx_word' id='word_1_170' title='bbox 399 2007 435 2044; x_wconf 76' lang='lat' dir='ltr'>la</span> <span class='ocrx_word' id='word_1_171' title='bbox 456 2009 583 2045; x_wconf 78' lang='lat' dir='ltr'>surete</span> <span class='ocrx_word' id='word_1_172' title='bbox 603 2013 641 2045; x_wconf 86' lang='lat' dir='ltr'>et</span> <span class='ocrx_word' id='word_1_173' title='bbox 667 2008 822 2046; x_wconf 82' lang='lat' dir='ltr'>defense</span> <span class='ocrx_word' id='word_1_174' title='bbox 850 2009 896 2045; x_wconf 89' lang='lat' dir='ltr'>de</span> <span class='ocrx_word' id='word_1_175' title='bbox 922 2009 1062 2046; x_wconf 81' lang='lat' dir='ltr'>ladicte</span> <span class='ocrx_word' id='word_1_176' title='bbox 1090 2009 1179 2046; x_wconf 81' lang='lat' dir='ltr'>ville</span> <span class='ocrx_word' id='word_1_177' title='bbox 1208 2009 1255 2046; x_wconf 88' lang='lat' dir='ltr'>de</span> <span class='ocrx_word' id='word_1_178' title='bbox 1282 2009 1460 2055; x_wconf 88' lang='lat' dir='ltr'>Rheims,</span> <span class='ocrx_word' id='word_1_179' title='bbox 1482 2010 1509 2045; x_wconf 87' lang='lat' dir='ltr'>il</span> <span class='ocrx_word' id='word_1_180' title='bbox 1531 2009 1603 2046; x_wconf 82' lang='lat' dir='ltr'>soit</span> <span class='ocrx_word' id='word_1_181' title='bbox 1626 2009 1694 2045; x_wconf 77' lang='lat' dir='ltr'>fait</span> 
     </span>
     <span class='ocr_line' id='line_1_24' title="bbox 283 2067 1693 2115; baseline 0.002 -15"><span class='ocrx_word' id='word_1_182' title='bbox 283 2077 337 2101; x_wconf 87' lang='lat' dir='ltr'>un</span> <span class='ocrx_word' id='word_1_183' title='bbox 358 2077 445 2112; x_wconf 82' lang='lat' dir='ltr'>gros</span> <span class='ocrx_word' id='word_1_184' title='bbox 466 2077 553 2102; x_wconf 87' lang='lat' dir='ltr'>mur</span> <span class='ocrx_word' id='word_1_185' title='bbox 574 2078 639 2103; x_wconf 86' lang='lat' dir='ltr'>sur</span> <span class='ocrx_word' id='word_1_186' title='bbox 659 2067 696 2103; x_wconf 82' lang='lat' dir='ltr'>la</span> <span class='ocrx_word' id='word_1_187' title='bbox 716 2068 820 2104; x_wconf 79' lang='lat' dir='ltr'>crete</span> <span class='ocrx_word' id='word_1_188' title='bbox 841 2067 908 2104; x_wconf 89' lang='lat' dir='ltr'>des</span> <span class='ocrx_word' id='word_1_189' title='bbox 928 2067 1050 2104; x_wconf 84' lang='lat' dir='ltr'>fosses</span> <span class='ocrx_word' id='word_1_190' title='bbox 1071 2067 1121 2103; x_wconf 90' lang='lat' dir='ltr'>du</span> <span class='ocrx_word' id='word_1_191' title='bbox 1143 2068 1307 2105; x_wconf 71' lang='lat' dir='ltr'>chateau</span> <span class='ocrx_word' id='word_1_192' title='bbox 1334 2067 1379 2104; x_wconf 88' lang='lat' dir='ltr'>de</span> <span class='ocrx_word' id='word_1_193' title='bbox 1401 2068 1693 2115; x_wconf 84' lang='lat' dir='ltr'>l&#39;archevesque</span> 
     </span>
     <span class='ocr_line' id='line_1_25' title="bbox 283 2125 1693 2174; baseline 0.001 -14"><span class='ocrx_word' id='word_1_194' title='bbox 283 2125 328 2160; x_wconf 89' lang='lat' dir='ltr'>de</span> <span class='ocrx_word' id='word_1_195' title='bbox 358 2125 521 2162; x_wconf 87' lang='lat' dir='ltr'>Rheims</span> <span class='ocrx_word' id='word_1_196' title='bbox 554 2137 650 2173; x_wconf 91' lang='lat' dir='ltr'>pour</span> <span class='ocrx_word' id='word_1_197' title='bbox 681 2127 888 2174; x_wconf 80' lang='lat' dir='ltr'>empecher</span> <span class='ocrx_word' id='word_1_198' title='bbox 921 2138 996 2174; x_wconf 89' lang='lat' dir='ltr'>que</span> <span class='ocrx_word' id='word_1_199' title='bbox 1029 2127 1214 2163; x_wconf 87' lang='lat' dir='ltr'>l&#39;ennemi</span> <span class='ocrx_word' id='word_1_200' title='bbox 1241 2138 1291 2163; x_wconf 88' lang='lat' dir='ltr'>ne</span> <span class='ocrx_word' id='word_1_201' title='bbox 1317 2127 1447 2174; x_wconf 90' lang='lat' dir='ltr'>puisse</span> <span class='ocrx_word' id='word_1_202' title='bbox 1474 2127 1540 2163; x_wconf 84' lang='lat' dir='ltr'>des</span> <span class='ocrx_word' id='word_1_203' title='bbox 1574 2127 1693 2163; x_wconf 84' lang='lat' dir='ltr'>sosse&#39;s</span> 
     </span>
     <span class='ocr_line' id='line_1_26' title="bbox 283 2183 1693 2232; baseline 0.001 -14"><span class='ocrx_word' id='word_1_204' title='bbox 283 2183 389 2220; x_wconf 85' lang='lat' dir='ltr'>dudit</span> <span class='ocrx_word' id='word_1_205' title='bbox 411 2185 576 2221; x_wconf 69' lang='lat' dir='ltr'>chateau</span> <span class='ocrx_word' id='word_1_206' title='bbox 596 2191 727 2221; x_wconf 84' lang='lat' dir='ltr'>entrer</span> <span class='ocrx_word' id='word_1_207' title='bbox 755 2186 851 2221; x_wconf 80' lang='lat' dir='ltr'>dans</span> <span class='ocrx_word' id='word_1_208' title='bbox 872 2185 909 2221; x_wconf 81' lang='lat' dir='ltr'>la</span> <span class='ocrx_word' id='word_1_209' title='bbox 929 2185 1033 2232; x_wconf 79' lang='lat' dir='ltr'>ville,</span> <span class='ocrx_word' id='word_1_210' title='bbox 1061 2185 1154 2222; x_wconf 89' lang='lat' dir='ltr'>dont</span> <span class='ocrx_word' id='word_1_211' title='bbox 1181 2186 1236 2222; x_wconf 89' lang='lat' dir='ltr'>les</span> <span class='ocrx_word' id='word_1_212' title='bbox 1263 2197 1370 2222; x_wconf 85' lang='lat' dir='ltr'>murs</span> <span class='ocrx_word' id='word_1_213' title='bbox 1397 2185 1443 2221; x_wconf 89' lang='lat' dir='ltr'>de</span> <span class='ocrx_word' id='word_1_214' title='bbox 1473 2196 1516 2222; x_wconf 89' lang='lat' dir='ltr'>ce</span> <span class='ocrx_word' id='word_1_215' title='bbox 1548 2186 1693 2222; x_wconf 69' lang='lat' dir='ltr'>cote-lit</span> 
     </span>
     <span class='ocr_line' id='line_1_27' title="bbox 283 2243 1693 2290; baseline 0.001 -12"><span class='ocrx_word' id='word_1_216' title='bbox 283 2249 371 2279; x_wconf 82' lang='lat' dir='ltr'>sont</span> <span class='ocrx_word' id='word_1_217' title='bbox 392 2243 539 2280; x_wconf 73' lang='lat' dir='ltr'>faihles.</span> <span class='ocrx_word' id='word_1_218' title='bbox 562 2244 624 2280; x_wconf 89' lang='lat' dir='ltr'>Du</span> <span class='ocrx_word' id='word_1_219' title='bbox 646 2245 665 2280; x_wconf 83' lang='lat'>5</span> <span class='ocrx_word' id='word_1_220' title='bbox 686 2245 763 2280; x_wconf 85' lang='lat' dir='ltr'>mai</span> <span class='ocrx_word' id='word_1_221' title='bbox 786 2244 875 2281; x_wconf 77' lang='grc'><strong>1359</strong></span> <span class='ocrx_word' id='word_1_222' title='bbox 889 2258 905 2278; x_wconf 87' lang='lat'>»</span> <span class='ocrx_word' id='word_1_223' title='bbox 930 2245 1082 2290; x_wconf 76' lang='lat' dir='ltr'>(Invent.</span> <span class='ocrx_word' id='word_1_224' title='bbox 1105 2257 1173 2282; x_wconf 74' lang='lat' dir='ltr'>ms.</span> <span class='ocrx_word' id='word_1_225' title='bbox 1190 2247 1248 2281; x_wconf 77' lang='lat' dir='ltr'>des</span> <span class='ocrx_word' id='word_1_226' title='bbox 1269 2249 1371 2281; x_wconf 65' lang='lat' dir='ltr'>tures</span> <span class='ocrx_word' id='word_1_227' title='bbox 1391 2247 1432 2281; x_wconf 75' lang='lat' dir='ltr'>de</span> <span class='ocrx_word' id='word_1_228' title='bbox 1452 2248 1488 2282; x_wconf 83' lang='lat' dir='ltr'>la</span> <span class='ocrx_word' id='word_1_229' title='bbox 1508 2247 1693 2281; x_wconf 72' lang='lat' dir='ltr'>collection</span> 
     </span>
     <span class='ocr_line' id='line_1_28' title="bbox 281 2303 1689 2351; baseline 0 -14"><span class='ocrx_word' id='word_1_230' title='bbox 281 2303 559 2344; x_wconf 71' lang='lat' dir='ltr'>Joursanvault,</span> <span class='ocrx_word' id='word_1_231' title='bbox 588 2303 735 2339; x_wconf 79' lang='lat' dir='ltr'>British</span> <span class='ocrx_word' id='word_1_232' title='bbox 756 2304 871 2349; x_wconf 68' lang='lat' dir='ltr'>Mus,</span> <span class='ocrx_word' id='word_1_233' title='bbox 892 2304 1013 2339; x_wconf 68' lang='lat' dir='ltr'>Addit.</span> <span class='ocrx_word' id='word_1_234' title='bbox 1039 2316 1123 2340; x_wconf 81' lang='lat' dir='ltr'>mss.</span> <span class='ocrx_word' id='word_1_235' title='bbox 1149 2304 1278 2350; x_wconf 78' lang='lat'>11540,</span> <span class='ocrx_word' id='word_1_236' title='bbox 1301 2312 1344 2339; x_wconf 87' lang='lat' dir='ltr'>n0</span> <span class='ocrx_word' id='word_1_237' title='bbox 1365 2304 1446 2351; x_wconf 81' lang='lat'>873,</span> <span class='ocrx_word' id='word_1_238' title='bbox 1470 2304 1531 2340; x_wconf 85' lang='lat' dir='ltr'>fol.</span> <span class='ocrx_word' id='word_1_239' title='bbox 1559 2304 1602 2340; x_wconf 84' lang='lat'>83</span> <span class='ocrx_word' id='word_1_240' title='bbox 1622 2304 1689 2348; x_wconf 64' lang='grc' dir='ltr'>νο).</span> 
     </span>
     <span class='ocr_line' id='line_1_29' title="bbox 284 2360 1692 2410; baseline 0 -13"><span class='ocrx_word' id='word_1_241' title='bbox 284 2360 347 2397; x_wconf 87' lang='lat' dir='ltr'>Un</span> <span class='ocrx_word' id='word_1_242' title='bbox 368 2363 503 2407; x_wconf 76' lang='lat' dir='ltr'>proces</span> <span class='ocrx_word' id='word_1_243' title='bbox 524 2362 728 2409; x_wconf 79' lang='lat' dir='ltr'>s&#39;engagea</span> <span class='ocrx_word' id='word_1_244' title='bbox 753 2363 836 2409; x_wconf 88' lang='lat' dir='ltr'>plus</span> <span class='ocrx_word' id='word_1_245' title='bbox 856 2362 941 2398; x_wconf 82' lang='lat' dir='ltr'>tard</span> <span class='ocrx_word' id='word_1_246' title='bbox 961 2368 1069 2398; x_wconf 86' lang='lat' dir='ltr'>entre</span> <span class='ocrx_word' id='word_1_247' title='bbox 1086 2363 1353 2410; x_wconf 81' lang='lat' dir='ltr'>l’archeveque</span> <span class='ocrx_word' id='word_1_248' title='bbox 1368 2368 1406 2399; x_wconf 85' lang='lat' dir='ltr'>et</span> <span class='ocrx_word' id='word_1_249' title='bbox 1422 2363 1475 2399; x_wconf 90' lang='lat' dir='ltr'>les</span> <span class='ocrx_word' id='word_1_250' title='bbox 1496 2362 1692 2398; x_wconf 77' lang='lat' dir='ltr'>habitants</span> 
     </span>
     <span class='ocr_line' id='line_1_30' title="bbox 282 2419 1690 2469; baseline 0.002 -15"><span class='ocrx_word' id='word_1_251' title='bbox 282 2419 327 2454; x_wconf 90' lang='lat' dir='ltr'>de</span> <span class='ocrx_word' id='word_1_252' title='bbox 354 2420 488 2456; x_wconf 86' lang='lat' dir='ltr'>Reims</span> <span class='ocrx_word' id='word_1_253' title='bbox 508 2431 556 2456; x_wconf 88' lang='lat' dir='ltr'>au</span> <span class='ocrx_word' id='word_1_254' title='bbox 578 2421 677 2468; x_wconf 81' lang='lat' dir='ltr'>sujct</span> <span class='ocrx_word' id='word_1_255' title='bbox 703 2421 747 2456; x_wconf 82' lang='lat' dir='ltr'>dc</span> <span class='ocrx_word' id='word_1_256' title='bbox 770 2422 806 2457; x_wconf 82' lang='lat' dir='ltr'>la</span> <span class='ocrx_word' id='word_1_257' title='bbox 826 2421 1050 2457; x_wconf 75' lang='lat' dir='ltr'>demolition</span> <span class='ocrx_word' id='word_1_258' title='bbox 1071 2421 1116 2458; x_wconf 90' lang='lat' dir='ltr'>de</span> <span class='ocrx_word' id='word_1_259' title='bbox 1138 2432 1181 2458; x_wconf 86' lang='lat' dir='ltr'>ce</span> <span class='ocrx_word' id='word_1_260' title='bbox 1202 2433 1304 2467; x_wconf 84' lang='lat' dir='ltr'>mur,</span> <span class='ocrx_word' id='word_1_261' title='bbox 1326 2422 1390 2469; x_wconf 88' lang='lat' dir='ltr'>qui</span> <span class='ocrx_word' id='word_1_262' title='bbox 1419 2422 1474 2458; x_wconf 89' lang='lat' dir='ltr'>fut</span> <span class='ocrx_word' id='word_1_263' title='bbox 1495 2422 1690 2458; x_wconf 81' lang='lat' dir='ltr'>ordonnee</span> 
     </span>
     <span class='ocr_line' id='line_1_31' title="bbox 282 2480 1691 2527; baseline 0.002 -14"><span class='ocrx_word' id='word_1_264' title='bbox 282 2490 350 2525; x_wconf 85' lang='lat' dir='ltr'>par</span> <span class='ocrx_word' id='word_1_265' title='bbox 377 2481 479 2516; x_wconf 77' lang='lat' dir='ltr'>arret</span> <span class='ocrx_word' id='word_1_266' title='bbox 507 2480 555 2515; x_wconf 71' lang='lat' dir='ltr'>(lu</span> <span class='ocrx_word' id='word_1_267' title='bbox 578 2481 800 2518; x_wconf 85' lang='lat' dir='ltr'>Parlement</span> <span class='ocrx_word' id='word_1_268' title='bbox 825 2481 870 2518; x_wconf 83' lang='lat' dir='ltr'>de</span> <span class='ocrx_word' id='word_1_269' title='bbox 891 2481 1017 2527; x_wconf 85' lang='lat' dir='ltr'>Paris,</span> <span class='ocrx_word' id='word_1_270' title='bbox 1040 2493 1088 2518; x_wconf 88' lang='lat' dir='ltr'>au</span> <span class='ocrx_word' id='word_1_271' title='bbox 1109 2488 1446 2519; x_wconf 83' lang='lat' dir='ltr'>commencement</span> <span class='ocrx_word' id='word_1_272' title='bbox 1472 2481 1517 2518; x_wconf 86' lang='lat' dir='ltr'>de</span> <span class='ocrx_word' id='word_1_273' title='bbox 1540 2482 1691 2517; x_wconf 74' lang='lat' dir='ltr'>l⁷annec</span> 
     </span>
     <span class='ocr_line' id='line_1_32' title="bbox 284 2538 639 2586; baseline 0.008 -14"><span class='ocrx_word' id='word_1_274' title='bbox 284 2538 373 2573; x_wconf 84' lang='grc'><strong>1364</strong></span> <span class='ocrx_word' id='word_1_275' title='bbox 397 2539 458 2583; x_wconf 84' lang='lat' dir='ltr'>(cf.</span> <span class='ocrx_word' id='word_1_276' title='bbox 481 2547 524 2575; x_wconf 88' lang='lat' dir='ltr'>n0</span> <span class='ocrx_word' id='word_1_277' title='bbox 545 2540 639 2586; x_wconf 82' lang='lat'>341).</span> 
     </span>
    </p>

    <p class='ocr_par' dir='ltr' id='par_1_4' title="bbox 331 2597 1146 2646">
     <span class='ocr_line' id='line_1_33' title="bbox 331 2597 1146 2646; baseline 0.004 -14"><span class='ocrx_word' id='word_1_278' title='bbox 331 2598 363 2632; x_wconf 83' lang='lat'>1.</span> <span class='ocrx_word' id='word_1_279' title='bbox 387 2597 616 2646; x_wconf 80' lang='lat' dir='ltr'>Coulanges,</span> <span class='ocrx_word' id='word_1_280' title='bbox 640 2599 794 2645; x_wconf 88' lang='lat' dir='ltr'>Yonne,</span> <span class='ocrx_word' id='word_1_281' title='bbox 817 2610 893 2636; x_wconf 84' lang='lat' dir='ltr'>arr.</span> <span class='ocrx_word' id='word_1_282' title='bbox 916 2599 1146 2636; x_wconf 77' lang='lat' dir='ltr'>d&#39;Auxerre.</span> 
     </span>
    </p>

    <p class='ocr_par' dir='ltr' id='par_1_5' title="bbox 329 2655 1622 2705">
     <span class='ocr_line' id='line_1_34' title="bbox 329 2655 1622 2705; baseline 0.002 -15"><span class='ocrx_word' id='word_1_283' title='bbox 329 2655 364 2691; x_wconf 71' lang='lat'>⁶2.</span> <span class='ocrx_word' id='word_1_284' title='bbox 385 2655 529 2704; x_wconf 87' lang='lat' dir='ltr'>Toury,</span> <span class='ocrx_word' id='word_1_285' title='bbox 551 2657 844 2705; x_wconf 82' lang='lat' dir='ltr'>Eure-et-Loir,</span> <span class='ocrx_word' id='word_1_286' title='bbox 865 2668 941 2693; x_wconf 86' lang='lat' dir='ltr'>arr.</span> <span class='ocrx_word' id='word_1_287' title='bbox 964 2657 1009 2693; x_wconf 89' lang='lat' dir='ltr'>de</span> <span class='ocrx_word' id='word_1_288' title='bbox 1029 2658 1227 2705; x_wconf 80' lang='lat' dir='ltr'>Chartres‚</span> <span class='ocrx_word' id='word_1_289' title='bbox 1249 2664 1352 2696; x_wconf 80' lang='lat' dir='ltr'>cant..</span> <span class='ocrx_word' id='word_1_290' title='bbox 1375 2658 1421 2695; x_wconf 87' lang='lat' dir='ltr'>de</span> <span class='ocrx_word' id='word_1_291' title='bbox 1439 2658 1622 2695; x_wconf 83' lang='lat' dir='ltr'>Janville.</span> 
     </span>
    </p>

    <p class='ocr_par' dir='ltr' id='par_1_6' title="bbox 332 2716 648 2753">
     <span class='ocr_line' id='line_1_35' title="bbox 332 2716 648 2753; baseline 0.009 -3"><span class='ocrx_word' id='word_1_292' title='bbox 332 2716 364 2751; x_wconf 87' lang='lat'>3.</span> <span class='ocrx_word' id='word_1_293' title='bbox 388 2716 462 2753; x_wconf 90' lang='lat' dir='ltr'>Ms.</span> <span class='ocrx_word' id='word_1_294' title='bbox 484 2718 648 2753; x_wconf 76' lang='lat' dir='ltr'>obsessio.</span> 
     </span>
    </p>

    <p class='ocr_par' dir='ltr' id='par_1_7' title="bbox 331 2775 1664 2824">
     <span class='ocr_line' id='line_1_36' title="bbox 331 2775 1664 2824; baseline 0.002 -14"><span class='ocrx_word' id='word_1_295' title='bbox 331 2775 365 2810; x_wconf 86' lang='lat'>4.</span> <span class='ocrx_word' id='word_1_296' title='bbox 388 2775 623 2824; x_wconf 76' lang='lat' dir='ltr'>Montlhery‚</span> <span class='ocrx_word' id='word_1_297' title='bbox 646 2776 943 2824; x_wconf 71' lang='lat' dir='ltr'>Scine-et-Oise,</span> <span class='ocrx_word' id='word_1_298' title='bbox 964 2787 1040 2813; x_wconf 81' lang='lat' dir='ltr'>arr.</span> <span class='ocrx_word' id='word_1_299' title='bbox 1062 2777 1108 2814; x_wconf 86' lang='lat' dir='ltr'>de</span> <span class='ocrx_word' id='word_1_300' title='bbox 1129 2777 1295 2823; x_wconf 86' lang='lat' dir='ltr'>Gorbeil,</span> <span class='ocrx_word' id='word_1_301' title='bbox 1316 2782 1419 2814; x_wconf 81' lang='lat' dir='ltr'>cant.</span> <span class='ocrx_word' id='word_1_302' title='bbox 1443 2775 1664 2824; x_wconf 82' lang='lat' dir='ltr'>d&#39;Arpaj0n.</span> 
     </span>
    </p>
   </div>
  </div>
 </body>
</html>
