2060 3345
426 333 535 381 xxxvj
954 334 1290 367 INTRODUCTION.

422 419 579 474 quelles
599 421 693 459 sont
711 431 762 458 en
783 429 846 457 ses
867 415 1160 457 constitutions
1180 414 1390 471 alleguees
1409 420 1449 457 et
1478 415 1657 457 seroient
1686 415 1816 458 moult

422 495 598 550 longuos
617 492 640 534 ἐι
659 496 806 534 mettre
825 505 875 532 en
897 491 1092 545 escript1.
1118 509 1139 530 »

479 572 542 612 En
570 570 696 619 1324,
720 583 775 610 au
796 569 901 623 sujet
923 567 993 609 des
1023 581 1196 623 guerres
1224 568 1274 610 sle
1299 568 1536 623 Gasoogne,
1572 582 1675 610 nous
1697 572 1817 610 trou—

420 661 525 689 vons
550 647 655 688 dans
681 648 741 686 les
772 644 1133 687 Continuacions
1162 646 1221 687 de
1249 645 1515 687 Guillaume
1545 646 1601 686 de
1629 643 1817 700 Nanyis

418 738 475 765 un
502 727 615 764 texte
642 721 868 776 inoomplet
895 725 936 763 et
962 720 1364 777 incomprehensible
1398 735 1479 777 que
1503 722 1545 763 la
1574 722 1740 763 version
1767 721 1817 763 de

416 799 604 841 Richard
643 799 790 840 Lesoot
823 811 928 839 nous
963 802 1122 853 permet
1153 798 1202 840 de
1231 799 1448 840 rattaoher
1478 811 1567 840 aux
1599 798 1814 841 Grandes

419 875 708 928 Chroniques
731 889 744 916 ,·

475 970 496 990 «
520 952 682 994 Versus
702 951 962 993 Vasconiam
983 955 1264 1007 properarunt
1284 950 1354 993 sed
1371 954 1541 1006 pactum
1563 965 1646 993 non
1666 954 1815 993 tenue-

412 1034 512 1071 runt
535 1033 576 1071 et
604 1029 805 1070 nuntians
837 1029 926 1083 regi
958 1028 1164 1083 quomodo
1193 1029 1247 1070 ab
1278 1028 1470 1083 Anglicis
1499 1028 1552 1069 sit
1581 1027 1748 1070 delusus
1775 1031 1816 1069 et

413 1105 616 1161 quomodo
637 1111 777 1147 castra
798 1108 838 1146 et
851 1104 977 1146 villas
995 1105 1165 1160 Anglici
1186 1105 1434 1155 munientes,
1457 1118 1500 1146 se
1519 1104 1572 1147 ad
1592 1104 1748 1146 bellum
1768 1108 1814 1145 ut

413 1186 623 1238 poterant,
646 1182 975 1238 preparabant2.
997 1198 1019 1220 »

474 1277 495 1298 ‹<
591 1272 739 1301 versus
759 1258 1038 1300 Guaseoniam
1063 1261 1346 1313 properarunt
1363 1257 1433 1299 sed
1461 1271 1556 1300 eum
1577 1271 1705 1313 prope
1727 1261 1815 1299 ter-

412 1337 571 1378 minum
589 1336 854 1378 devenissent
874 1334 1072 1376 dixerunt
1096 1335 1266 1390 Anglioi
1292 1334 1402 1376 dieto
1429 1335 1551 1376 militi
1572 1334 1681 1389 quod
1702 1334 1814 1375 redi-

411 1417 473 1454 ret
503 1413 580 1454 nisi
611 1413 737 1454 vellet
763 1412 955 1453 amittere
981 1415 1109 1466 caput
1138 1424 1275 1452 suum.
1309 1411 1390 1460 Qui
1411 1414 1626 1452 revertens
1653 1415 1694 1452 et
1722 1411 1813 1466 regi

411 1489 620 1531 nuncians
639 1488 844 1544 quomodo
864 1488 918 1529 ab
939 1488 1130 1543 Anglicis
1151 1487 1204 1529 sit
1224 1487 1489 1529 delusus...3.
1514 1504 1536 1525 »

473 1583 495 1604 «
515 1566 623 1608 Mais
643 1569 778 1608 avant
797 1565 900 1620 qu'il
919 1565 1132 1606 venissent
1151 1577 1206 1606 au
1227 1568 1355 1605 terme
1374 1577 1428 1606 ou
1448 1564 1477 1605 il
1497 1563 1690 1605 devoient
1706 1563 1808 1613 aler,

409 1643 469 1684 les
489 1643 669 1699 Anglois
698 1642 875 1684 distrent
901 1641 1020 1684 audit
1044 1641 1215 1682 messire
1240 1641 1375 1683 Jehan
1402 1640 1507 1695 qu’il
1533 1640 1620 1682 s'en
1646 1644 1812 1682 retour-

410 1725 506 1762 nast
531 1734 574 1761 se
599 1720 629 1761 il
656 1733 707 1761 ne
730 1719 889 1761 vouloit
914 1717 1063 1773 perdre
1092 1718 1134 1759 la
1164 1720 1282 1759 teste.
1306 1718 1473 1772 Lequie]
1505 1717 1591 1759 s'en
1611 1721 1810 1759 retourna

408 1811 464 1839 au
496 1798 589 1852 Roy
620 1800 660 1838 et
693 1797 753 1838 lui
785 1800 908 1838 conta
940 1799 980 1837 et
1012 1795 1094 1837 dist
1125 1798 1290 1837 coment
1317 1794 1378 1836 les
1403 1794 1582 1850 Anglois
1608 1794 1812 1836 l’avoient

409 1872 650 1928 moque...4.
676 1891 697 1912 »

467 1951 531 1992 En
550 1949 678 2000 1328,
699 1950 738 1991 16
751 1948 958 1992 Continua
966 1952 1058 1990 teur
1073 1948 1123 1989 de
1137 1948 1378 1990 Guillaume
1392 1947 1441 1989 de
1454 1948 1520 1990 Na
1528 1948 1622 2003 ngis
1636 1950 1810 1989 raconte

410 2041 490 2082 que
509 2028 570 2069 les
589 2026 821 2069 Flamands
840 2027 1014 2068 avaient
1029 2023 1265 2081 represente
1280 2038 1331 2066 en
1348 2028 1483 2066 avant
1502 2024 1574 2066 des
1594 2023 1809 2065 murailles

408 2104 457 2146 de
477 2104 621 2146 Cassel
641 2118 697 2146 un
719 2117 795 2158 coq
818 2103 1097 2159 gigantesque
1116 2115 1221 2144 aveo
1247 2115 1314 2144 ces
1334 2114 1445 2151 vers,
1469 2113 1628 2143 comme
1646 2114 1705 2142 un
1730 2098 1808 2141 defi

409 2193 464 2222 au
482 2182 543 2223 roi
564 2181 614 2223 de
634 2181 799 2222 France
823 2193 831 2221 :

724 2273 864 2319 Quand
884 2284 925 2313 66
946 2284 1017 2324 coq
1038 2271 1179 2312 cliente
1198 2284 1297 2312 aura

725 2335 776 2375 Le
796 2335 878 2386 Roy
901 2335 1032 2375 Cassel
1051 2338 1311 2386 conquestera
1323 2333 1356 2373 5.

465 2432 537 2482 Or,
560 2432 618 2473 les
638 2431 748 2473 deux
768 2444 864 2472 vers
884 2444 926 2472 se
952 2429 1191 2486 presentent
1210 2430 1316 2472 dans
1334 2428 1522 2471 Richard
1544 2428 1691 2469 Lescot
1711 2440 1806 2469 sous

456 2565 486 2599 1.
512 2564 671 2599 Grandes
693 2564 930 2607 Chroniques,
954 2567 980 2598 t.
1003 2562 1052 2606 V,
1075 2574 1111 2608 p.
1135 2562 1217 2598 200.

450 2622 484 2658 2.
509 2623 713 2667 Chronique
733 2623 774 2656 de
796 2623 1005 2658 Guillaume
1025 2622 1066 2655 cle
1086 2621 1236 2664 Ναηῃῐε,
1263 2625 1289 2655 t.
1312 2619 1362 2664 ΙΙ,
1384 2630 1421 2665 p.
1449 2619 1506 2655 56.

452 2681 484 2716 3.
509 2681 774 2717 Continuation
793 2681 833 2715 de
857 2680 994 2715 Ge'rard
1013 2681 1054 2714 de
1074 2680 1236 2721 Frachet,
1261 2678 1325 2714 fol.
1351 2678 1416 2714 135
1440 2686 1494 2713 ΥΟ.

454 2740 489 2774 4.
512 2741 671 2776 Grandes
694 2739 933 2783 θὴνοηίᾳαες,
954 2742 979 2773 t.
1002 2737 1052 2783 V,
1075 2749 1111 2784 p.
1135 2737 1217 2773 279.

454 2799 486 2833 5.
512 2799 775 2834 continuatim
794 2798 835 2832 de
855 2798 1064 2834 Guillaume
1084 2798 1125 2831 de
1145 2796 1297 2840 Ναηῃίε,
1321 2795 1373 2841 II⁷
1395 2806 1430 2841 p.
1453 2795 1510 2830 94.
