2060 3345
360 325 424 361 136
594 326 799 358 RICHARDI
829 324 955 356 SCOTI
984 323 1191 355 CHRONICI
1219 322 1525 355 CONTINUATIO.
1650 323 1753 369 [1358

355 406 556 470 Ligerim
582 404 774 451 fluvium
794 409 838 450 et
859 405 1081 449 Secanam
1101 403 1369 466 occupavit;
1394 405 1615 451 Secanam
1640 405 1755 453 infe-

355 482 451 529 rius
483 489 528 528 et
563 479 777 542 superius
815 479 921 526 fecit
956 478 1177 526 custodiri
1215 496 1272 526 ne
1305 480 1516 527 victualia
1558 481 1754 529 navibus

354 557 697 604 adducerentur
709 554 925 602 Parisius.
944 558 1000 602 Et
1014 555 1121 618 quia
1138 555 1236 620 ejus
1253 556 1457 619 potentia
1474 557 1754 604 parisienses

352 633 663 687 terrebantur,
686 647 744 678 ne
768 631 923 677 villam
955 631 1236 679 clandestine
1256 638 1302 680 et
1323 632 1753 695 imperceptibiliter

351 713 634 771 penetraret,
670 707 862 755 inhibita
902 712 973 755 est
1008 713 1231 755 nocturna
1269 708 1467 771 pulsatio
1508 725 1753 772 campana-

350 801 471 840 rum,
499 784 624 831 cives
642 800 845 847 quoque,
867 789 1090 847 precepto
1110 784 1285 831 domini
1306 784 1453 841 ducis,
1483 785 1569 832 sibi
1590 791 1751 833 mutuo

348 860 675 917 succedebant,
707 866 956 907 nocturnas
990 860 1208 907 excubias
1243 877 1385 923 super
1411 861 1561 907 menia
1598 862 1751 908 exsol-

349 937 518 993 vendo,
558 943 603 983 et
637 953 819 992 revera,
849 942 899 984 ut
935 941 1038 983 utar
1070 937 1380 1000 breviloquio,
1416 937 1606 984 Francia
1641 943 1751 986 tunc

348 1018 443 1059 tota
476 1011 679 1074 predalis
714 1011 1083 1059 Navarrensibus
1119 1018 1165 1059 et
1195 1012 1397 1076 Anglicis
1433 1012 1616 1069 effecta,
1656 1030 1750 1060 non

348 1094 446 1135 crat
477 1088 637 1135 civitas
672 1089 716 1134 in
750 1105 895 1152 regno
927 1104 1014 1135 nec
1048 1088 1154 1134 villa
1188 1095 1370 1135 murata
1398 1106 1488 1152 que
1521 1105 1671 1152 prope
1701 1106 1750 1137 se

347 1165 625 1212 munitiones
654 1164 843 1212 hostiles
870 1181 962 1211 non
990 1164 1199 1211 liaberet.
1228 1167 1425 1227 Propter
1449 1165 1537 1212 hoc
1562 1166 1750 1213 univer-

345 1259 422 1289 sus
464 1241 663 1304 populus
698 1257 790 1287 non
830 1241 1064 1288 immerito
1099 1240 1285 1288 dolebat
1317 1247 1363 1288 et
1395 1242 1611 1304 gemebat
1642 1259 1748 1289 cum

344 1317 429 1364 sibi
468 1322 629 1364 mutuo
666 1334 748 1364 nec
782 1317 992 1364 terrestri
1025 1317 1188 1364 itinere
1223 1333 1309 1364 nec
1346 1334 1431 1380 per
1462 1318 1652 1365 flumina
1688 1319 1746 1366 ab

342 1394 553 1441 hostibus
590 1393 839 1457 occupata1
851 1430 948 1440 .....
980 1409 1065 1440 nec
1097 1398 1197 1440 erat
1234 1393 1314 1456 qui
1347 1393 1486 1441 tantis
1518 1394 1748 1442 discrimi-

344 1470 481 1517 nibus
506 1471 648 1518 finem
676 1471 917 1533 imponere
942 1476 1119 1533 posset.

405 1546 517 1594 295.
539 1573 603 1581 ——
623 1548 739 1594 Cum
761 1547 982 1610 magister
1001 1547 1199 1594 Thomas
1224 1547 1371 1604 Ladit,
1398 1547 1520 1612 regis
1544 1551 1747 1595 Navarre

344 1622 676 1686 [cancellarius]
687 1660 697 1679 ,
712 1623 1026 1687 perjudicium
1037 1623 1311 1670 Parlamenti
1328 1624 1567 1671 restitutus
1585 1623 1747 1671 fuisset

335 1699 508 1762 justitie
531 1698 756 1761 spirituali
778 1699 984 1763 episcopi
1003 1700 1272 1748 Parisiensis
1296 1705 1342 1747 et
1361 1700 1560 1748 catenis2
1581 1700 1745 1748 ferreis

339 1791 481 1838 super
499 1775 704 1822 hostium
740 1775 949 1839 alligatus
985 1776 1260 1824 defferretur
1286 1776 1344 1823 ad
1382 1776 1575 1834 curiam,
1603 1794 1629 1824 a
1655 1777 1744 1824 cir-

339 1856 579 1898 constante
615 1851 791 1915 populo
832 1851 1064 1915 lapidibus
1103 1852 1394 1910 interfectus,
1439 1853 1484 1899 in
1522 1852 1744 1917 ripariam

337 1927 575 1990 projectus
602 1933 689 1974 est.

402 2005 514 2053 296.
544 2031 607 2039 -
633 2006 857 2067 Precepto
889 2003 1061 2051 domini
1091 2004 1238 2062 ducis,
1277 2019 1377 2053 XXII
1404 2005 1661 2069 burgenses
1684 2006 1743 2054 de

337 2079 617 2127 notabilibus
634 2080 902 2128 Parisiensis
921 2081 1117 2129 civitatis
1139 2082 1410 2129 incarcerati
1431 2082 1616 2129 fuerunt
1636 2083 1742 2145 quia

337 2156 609 2204 dicebantur
643 2158 742 2221 regi
779 2161 981 2205 Navarre
1021 2158 1283 2215 adhesisse,
1326 2159 1409 2206 sed
1449 2159 1507 2206 ad
1547 2159 1743 2222 requisi-

334 2233 509 2280 tionem
547 2233 819 2290 amicorum,
864 2234 1160 2297 inquisitione
1198 2235 1333 2292 facta,
1371 2235 1490 2299 juris
1527 2235 1741 2282 ordinem

336 2309 584 2366 servando,
600 2309 726 2356 velut
743 2309 934 2366 innoxii,
955 2311 1147 2374 pristine
1167 2311 1475 2358 restituuntur
1490 2311 1736 2358 libertati3.

399 2387 512 2434 297.
542 2414 606 2422 —
632 2386 725 2433 Sub
752 2386 916 2434 eadem
945 2393 1240 2451 tempestate,
1275 2387 1452 2452 Anglici
1478 2388 1554 2450 qui
1589 2405 1739 2452 prope

335 2463 634 2509 Trescensem
649 2462 814 2509 urbem
831 2463 917 2510 sub
936 2463 1139 2526 quodam
1153 2464 1393 2528 capitaneo
1410 2464 1608 2521 famoso,
1624 2468 1739 2512 Eus-

335 2539 486 2586 tachio
528 2539 874 2586 d’Obissccourt
910 2545 1205 2603 nuncupato,
1244 2540 1503 2588 militabant
1537 2547 1584 2588 et
1621 2541 1739 2588 hanc

384 2673 416 2706 l.
440 2671 639 2707 Plusieurs
660 2677 759 2707 mots
781 2676 846 2707 ont
867 2671 916 2708 du
937 2673 1017 2708 etre
1038 2673 1135 2708 omis
1156 2672 1206 2709 ici
1226 2684 1294 2720 par
1315 2673 1349 2710 le
1371 2673 1516 2720 copiste
1536 2673 1586 2710 du
1606 2685 1676 2710 ms.

387 2730 419 2766 2.
444 2730 514 2766 Ms.
539 2732 712 2766 chalonis.

384 2789 415 2824 3.
441 2789 496 2825 Cf.
521 2789 682 2826 Grandes
705 2790 938 2835 Chroniques,
963 2795 989 2826 t.
1013 2790 1082 2833 VI,
1105 2802 1139 2837 p.
1167 2790 1332 2827 143-144.
