2060 3345
371 299 414 334 98
607 301 810 334 RICHARDI
839 300 963 331 SCOTI
992 300 1197 332 CHRONICI
1228 301 1534 333 CONTINUATIO.
1657 297 1762 343 [1355

370 379 582 441 quamvis
608 379 814 424 nonullas
836 377 966 423 villas
993 383 1197 425 muratas
1222 385 1266 426 et
1288 378 1517 426 civitates⁴
1545 379 1692 441 patrie
1714 386 1765 426 ut

370 455 581 502 Narbona
602 460 646 500 et
663 453 857 500 Tholosa
883 453 929 499 in
949 469 1120 501 vanum
1148 455 1443 518 temptaverit
1467 456 1602 502 tunc2
1629 471 1764 502 occu-

367 547 497 592 pare,
528 529 712 576 tandem
740 535 893 575 tamen
920 529 1091 593 ingenti
1120 531 1263 592 preda
1290 537 1501 587 onustus,
1530 530 1765 594 Burdega-

368 607 541 653 lensem
558 605 724 652 urbem
740 605 944 668 repetiit,
970 606 1151 653 nemine
1176 607 1420 653 resistente
1443 612 1505 662 et,
1530 612 1579 653 ut
1599 623 1765 653 verum

367 682 528 737 fateor,
565 682 652 728 hoc
682 681 863 744 ignavie
895 687 942 728 et
974 682 1363 744 pusillanimitati³
1393 684 1573 730 comitis
1601 684 1765 729 Arme-

366 757 506 813 niaci,
542 757 723 804 comitis
757 758 815 805 de
849 759 1067 817 Pontivo,
1103 760 1457 807 conestabularii
1489 760 1677 807 Francie
1711 776 1764 807 ac

366 833 618 881 marescalli
648 834 853 891 Francie,
892 835 1112 882 Johannis
1150 836 1458 891 Clarimontis,
1496 835 1760 890 ascribitur,

364 926 482 972 quos
505 926 589 956 rex
615 909 804 956 Francie
831 909 888 956 ad
909 912 1167 959 custodiam
1194 913 1342 975 patrie
1364 912 1537 959 ibidem
1562 912 1764 959 destina-

363 991 496 1032 verat
526 1001 632 1033 cum
663 985 896 1050 pugilibus
922 987 1000 1050 qui
1028 1003 1221 1034 numero
1246 988 1539 1036 adversarios
1569 987 1764 1035 excede-

364 1060 492 1109 bant.

427 1138 540 1185 238.
562 1166 625 1174 -
643 1141 741 1186 Rex
760 1140 1008 1195 Johannes,
1029 1139 1088 1187 ad
1108 1139 1373 1187 habendum
1399 1140 1601 1187 subsidia
1619 1155 1763 1202 prop-

363 1220 434 1261 ter
458 1231 667 1278 guerras,
704 1216 943 1263 consilium
967 1217 1181 1280 generale
1213 1217 1463 1264 celebravit
1487 1216 1686 1263 Parisius
1718 1220 1765 1262 et

361 1290 550 1337 tandem
585 1291 643 1337 ab
675 1291 900 1338 ordinatis
935 1307 1077 1354 super
1110 1292 1198 1338 hoc
1233 1293 1501 1339 conclusum
1534 1297 1604 1339 est
1636 1289 1763 1353 quod

362 1381 524 1412 omnes
554 1366 886 1429 cujuscumque
922 1373 1069 1413 status
1102 1373 1257 1413 essent
1289 1367 1363 1413 vel
1395 1367 1588 1423 ordinis,
1625 1366 1762 1412 etiam

361 1442 560 1499 rurales,
608 1442 866 1489 servientes
909 1441 1113 1498 eisdem,
1159 1442 1402 1489 dumtaxat
1442 1441 1764 1488 claustralibus

362 1518 598 1566 monachis
618 1525 663 1566 et
685 1518 1055 1566 mendicantibus
1083 1519 1308 1581 exceptis,
1339 1518 1397 1565 de
1424 1524 1608 1565 centum
1635 1517 1763 1565 libris

362 1600 578 1656 quatuor⁷
593 1595 651 1642 de
669 1609 729 1641 XL
751 1595 952 1641 solidos4
971 1610 1048 1651 XL,
1065 1595 1123 1642 de
1141 1594 1304 1641 decem
1325 1594 1455 1641 libris
1476 1610 1540 1642 XX
1561 1594 1762 1641 solveret

361 1670 419 1717 ad
446 1671 809 1718 continuandum
835 1671 1006 1718 dictam
1033 1673 1297 1734 guerram?

426 1750 538 1796 239.
568 1775 632 1782 —
657 1747 905 1795 Occasione
939 1747 1272 1803 subsidiorum,
1303 1748 1348 1793 in
1376 1747 1481 1794 villa
1511 1745 1758 1802 Attrebati‚

362 1824 514 1870 minor
552 1824 752 1887 populus
792 1826 837 1870 in
879 1824 1165 1887 potentiores
1206 1840 1454 1887 resurgens
1496 1823 1665 1870 multos
1703 1838 1762 1869 ex

362 1900 474 1962 ipsis
502 1900 683 1956 cecidit,
714 1900 795 1947 sed
825 1917 908 1946 rex
931 1901 1160 1948 Johannes
1186 1900 1292 1947 illuc
1324 1900 1490 1946 milites
1516 1898 1764 1946 destinavit

362 1976 459 2038 qui,
489 1976 647 2023 sedata
674 1975 934 2031 descordia‚
965 1975 1204 2022 seditionis
1236 1981 1418 2023 actores
1443 1975 1594 2038 capite
1627 1974 1762 2038 plecti

358 2050 596 2114 jusserunt
621 2051 679 2098 ad
704 2051 899 2098 aliorum
925 2052 1204 2098 terroremss.

362 2180 586 2228 principaux
606 2180 693 2216 faits
714 2180 758 2216 de
779 2180 1024 2226 l’expedition
1039 2180 1089 2216 du
1106 2179 1234 2226 prince
1254 2179 1300 2216 de
1314 2179 1443 2216 Galles
1459 2189 1507 2216 en
1522 2179 1760 2226 Languedoc,

365 2240 411 2278 cf.
435 2241 487 2275 Le
507 2240 632 2276 Baker
652 2240 696 2276 de
719 2240 990 2286 Swynebroke‚
1011 2251 1048 2286 p.
1072 2240 1243 2277 127-138.

413 2300 444 2335 l.
470 2299 540 2333 Ms.
563 2302 729 2334 citantes.

410 2357 444 2392 ⁶3.
468 2357 519 2392 Le
541 2367 611 2391 ms.
637 2357 760 2402 repete
781 2355 830 2391 ici
851 2358 892 2390 in
911 2367 1064 2392 vanum.

412 2415 444 2450 3.
470 2414 539 2449 Ms.
559 2416 871 2460 pusillamentati.

412 2475 445 2508 4.
472 2473 542 2508 Ms.
563 2475 703 2508 solidis.

413 2534 444 2567 5.
469 2531 523 2567 Cf.
549 2533 708 2568 Grandes
729 2532 963 2576 Olw'oniques,
988 2537 1015 2566 t.
1044 2531 1111 2576 VI,
1134 2543 1169 2578 p.
1194 2532 1234 2567 21
1258 2531 1280 2566 a.
1299 2531 1357 2567 ⁶25.

413 2591 446 2626 6.
471 2590 627 2637 D'apres
657 2590 709 2624 les
740 2591 900 2626 Grandes
921 2592 1154 2635 Chroniques,
1180 2590 1214 2626 le
1235 2591 1497 2626 soulevement
1517 2590 1673 2625 d'Arras
1702 2595 1765 2626 eut

366 2647 440 2683 lieu
463 2648 496 2683 le
517 2648 536 2684 6
556 2658 658 2683 mars
680 2647 769 2683 1356
790 2653 826 2682 et
846 2647 903 2682 fut
924 2647 1087 2694 reprime
1115 2648 1148 2683 le
1173 2648 1215 2683 27
1238 2647 1334 2684 avril
1354 2647 1508 2683 suivant
1529 2658 1594 2693 par
1615 2647 1764 2684 Arnoul

366 2706 640 2751 d’Audrehem,
664 2705 855 2741 marechal
883 2705 928 2741 (le
951 2706 1104 2742 France.
1128 2706 1180 2742 M.
1204 2707 1302 2742 Luce
1321 2717 1343 2742 a
1363 2706 1435 2742 cite
1466 2706 1531 2741 des
1562 2707 1689 2742 lettres
1719 2707 1765 2742 de

368 2766 569 2801 remission
602 2764 799 2801 accordees
832 2775 896 2810 par
934 2775 975 2801 ce
1006 2765 1157 2801 dernier
1189 2777 1264 2801 aux
1298 2765 1489 2801 habitants
1522 2765 1697 2812 d'Arras,
1729 2765 1763 2802 le

368 2826 411 2861 '28
433 2825 526 2860 avril
550 2825 637 2860 '135ss
660 2824 872 2869 (Froissart,
894 2824 962 2869 IV,
984 2835 1018 2870 p.
1042 2836 1142 2870 inv,
1165 2836 1203 2861 n.
1226 2824 1276 2870 3).
