2060 3345
356 312 422 349 158
590 313 796 347 RICHARDI
824 312 951 346 SCOTI
978 311 1187 345 CHRONIGI
1214 312 1521 346 CONTINUATIO.
1644 309 1748 356 [1363

352 396 401 441 In
435 392 842 456 proloquutionem
874 390 1044 437 iterum
1072 389 1120 437 id
1151 389 1363 438 additum
1397 395 1467 438 est
1500 390 1626 452 quod
1661 390 1750 454 ipsi

350 468 644 533 abjectissimi
671 466 904 530 predones
924 471 970 513 et
994 466 1196 514 latrones
1221 467 1408 523 notorii,
1440 465 1750 530 ignominiosa

351 551 502 592 morte
537 543 686 607 digni,
727 548 778 589 ut
814 542 885 589 alii
928 542 1148 590 cederent
1180 543 1227 590 in
1261 543 1529 606 exemplum
1566 542 1625 589 ad
1665 542 1751 590 sibi

351 621 521 668 similes
541 620 620 682 qui
640 618 898 666 Aurelianis
919 621 1171 667 Carnotum
1191 625 1236 667 et
1255 620 1503 667 Normania
1522 619 1753 667 deteriora

351 696 699 760 perpetrabant,
721 695 1066 744 adducerentur
1091 696 1366 760 indampnes
1388 696 1515 760 quod
1541 702 1587 743 et
1612 700 1754 744 Fran—

351 774 509 837 cigene
532 771 849 830 amicabiliter,
873 778 921 820 et
946 773 1053 836 quia
1080 790 1222 837 super
1244 779 1374 821 tanto
1399 780 1495 821 tam
1523 772 1754 821 indecenti

350 851 509 897 favore
525 854 571 896 et
591 849 863 897 scandaloso
887 850 1100 898 hostibus
1120 851 1312 908 exibito,
1337 851 1470 914 plebs
1489 850 1754 914 alloqueba—

350 931 427 974 tur
464 931 627 973 contra
667 943 770 984 eos,
814 927 1054 991 fingebant
1093 928 1221 991 quod
1259 929 1348 975 hoc
1386 927 1651 992 gesserant1
1696 943 1754 974 ne

351 1001 593 1049 dominum
610 1002 749 1049 castri
770 1002 1038 1050 occiderent
1055 1020 1196 1067 quem
1209 1004 1480 1051 detinebant
1497 1003 1750 1067 captivum.

351 1077 441 1124 Sed
466 1093 633 1125 revera
661 1078 727 1125 sic
758 1079 960 1126 adebant
989 1080 1093 1144 (sic)
1125 1081 1448 1128 excusationes
1474 1079 1519 1126 in
1556 1079 1756 1142 peccatis

351 1170 460 1201 nam
502 1154 675 1201 scelera
718 1154 918 1203 istorum
959 1156 1446 1220 nephandissimorum
1490 1156 1755 1220 predonum

351 1229 417 1276 sic
461 1229 635 1292 ubique
679 1230 1033 1279 dissimulabant
1080 1232 1324 1280 manifeste
1367 1232 1494 1295 quod
1537 1232 1596 1280 de
1642 1232 1756 1295 ipsis

351 1305 527 1368 absque
560 1305 854 1354 rubescentia
885 1308 1213 1356 verificabatur
1243 1308 1396 1356 fabula
1427 1325 1518 1372 que
1549 1308 1608 1355 de
1643 1324 1756 1355 cane

350 1387 568 1429 narratur
592 1398 735 1446 quem
763 1383 1145 1448 vigilantissimus
1174 1391 1337 1448 pastor
1367 1385 1676 1448 deputaverat
1697 1383 1756 1431 ad

349 1458 506 1522 gregis
525 1459 802 1507 custodiam.
832 1464 948 1508 Nam
974 1477 1080 1508 curn
1107 1477 1218 1524 sepe
1243 1461 1408 1525 lupum
1433 1460 1757 1524 potentissime

350 1534 583 1598 abegisset
609 1541 656 1583 et
678 1535 786 1583 inde
812 1553 837 1583 a
864 1536 1054 1584 domino
1079 1537 1307 1600 populum
1336 1537 1439 1601 (sie)
1469 1536 1754 1592 laudaretur,

350 1612 540 1658 tandem
570 1612 708 1675 lupus
737 1629 845 1660 eum
880 1630 936 1660 eo
977 1614 1226 1661 amicitiam
1256 1614 1505 1671 contraxit,
1543 1629 1758 1661 asserens

351 1688 496 1750 quod,
519 1689 557 1735 si
580 1690 949 1753 strangularetur
973 1690 1032 1737 ab
1054 1707 1128 1748 eo,
1157 1691 1376 1739 dominus
1401 1691 1530 1754 ejus2
1557 1707 1641 1738 suo
1665 1706 1758 1737 non

349 1764 583 1828 indigeret
608 1765 779 1813 auxilio
805 1766 963 1829 sicque
985 1767 1174 1814 tandem
1200 1784 1306 1815 eum
1333 1767 1588 1831 expelleret
1618 1772 1665 1814 et
1690 1766 1756 1814 sic

349 1839 571 1904 deinceps
598 1842 723 1889 canis
748 1842 1085 1890 deffensionem
1110 1843 1267 1908 gregis
1294 1843 1515 1891 simulans
1538 1844 1756 1906 quotiens

349 1933 496 1979 usque
522 1918 581 1965 ad
613 1935 776 1966 nemus
803 1920 968 1982 lupum
997 1921 1212 1967 secutus3
1245 1920 1413 1976 fuerat,
1450 1921 1590 1968 ambo
1619 1936 1757 1967 ovem

348 1998 532 2056 raptam
554 1994 731 2057 absque
757 1995 1121 2042 contradictione
1142 1995 1449 2043 devorabant.
1478 2000 1647 2044 Hostes
1672 1995 1758 2060 igi-

348 2073 426 2115 tur
461 2069 526 2116 sic
552 2070 727 2133 repulsi
758 2075 805 2117 et
836 2071 894 2118 ad
934 2071 1179 2119 conciones
1217 2089 1276 2119 ex
1311 2072 1453 2121 variis
1484 2072 1756 2137 regionibus

350 2145 512 2208 regni4
537 2146 752 2194 collectas
783 2147 999 2195 conducti
1026 2148 1105 2212 qui
1132 2148 1220 2196 sub
1245 2149 1452 2212 quodam
1481 2149 1625 2197 milite
1648 2166 1757 2213 pre-

351 2219 528 2269 donum
566 2223 809 2286 principali
844 2224 1084 2287 capitaneo
1126 2225 1313 2272 nomine
1347 2225 1756 2288 Archipresbitero

351 2297 625 2356 militabant,
656 2300 958 2348 amicabiliter
978 2306 1085 2348 sunt
1104 2301 1298 2364 recepti.
1324 2302 1396 2349 Sic
1420 2302 1690 2365 iniquorum
1710 2307 1757 2349 et

352 2376 685 2425 sceleratorum
702 2379 942 2426 hominum
956 2386 1250 2427 aucmentato
1272 2380 1376 2444 (sic)
1395 2396 1608 2436 numerO,
1628 2380 1757 2443 prin-

353 2469 464 2517 ceps
481 2454 555 2501 ille
569 2454 872 2514 detestabilis,
897 2462 943 2503 et
962 2457 1024 2504 ob
1038 2456 1375 2504 immanitatem
1392 2473 1523 2504 suam
1544 2456 1590 2503 in
1610 2458 1757 2504 Aure-

405 2607 437 2642 1.
461 2607 533 2643 Ms.
555 2612 736 2653 seyerant.

402 2665 436 2701 2.
459 2665 512 2702 Le
533 2671 613 2702 mot
631 2669 707 2712 ejus
728 2671 785 2703 est
806 2668 935 2714 repete
961 2667 1057 2704 dans
1078 2668 1113 2704 le
1133 2667 1359 2705 manuscrit.

404 2724 439 2760 3.
463 2724 534 2760 Ms.
557 2730 733 2762 secutum.

407 2783 439 2818 4.
464 2783 516 2820 Le
536 2788 617 2820 mot
635 2786 844 2829 reqionibus
863 2789 921 2822 est
941 2786 1068 2833 repete
1089 2786 1200 2833 apres
1222 2785 1257 2822 le
1277 2789 1357 2822 mot
1383 2787 1491 2831 reym'
1510 2785 1605 2822 dans
1627 2785 1661 2822 le
1681 2796 1753 2822 ms.
