2060 3345
379 329 445 366 196
804 330 988 363 GERARDI
1015 329 1069 360 DE
1096 328 1336 361 FRAGHETO.
1662 325 1764 372 [1284

373 410 604 458 transtulit
641 409 686 454 in
724 407 934 454 Tusciam
970 411 1019 453 ut
1055 411 1229 453 terram
1267 423 1357 469 que
1396 405 1482 452 sibi
1521 422 1579 452 ex
1616 412 1765 454 morte

373 487 553 534 comitis
601 483 847 547 provenire
893 481 1093 529 debebat
1136 489 1295 529 contra
1344 482 1563 529 comitem
1605 484 1768 530 Sancte

372 563 503 608 Flore
527 560 602 622 qui
631 575 733 606 eam
765 558 1036 621 impetebat,
1074 557 1354 605 defensaret.
1390 562 1497 620 Ipso
1534 564 1688 605 autem
1722 559 1769 605 in

372 637 492 684 dicta
534 642 657 682 terra
692 635 917 682 existente
957 650 1063 681 cum
1107 634 1263 697 paucis
1304 634 1571 689 comitibus,
1613 650 1769 681 comes

371 712 667 775 Anguillarie,
692 717 741 758 ut
762 712 915 774 ipsum
935 711 1205 767 offenderet,
1231 717 1403 758 terram
1422 711 1564 774 ipsius
1585 711 1770 757 intravit

371 788 597 835 hostiliter
634 794 794 834 contra
835 803 973 850 quem
1011 787 1228 834 dominus
1261 787 1408 835 Guido
1442 786 1764 850 progrediens,

369 864 592 928 pugnavit
618 863 828 920 viriliter,
856 864 901 909 in
927 879 1019 927 quo
1047 862 1166 909 bello
1188 863 1450 926 sagaciores
1476 868 1523 910 et
1551 862 1766 910 fortiores

367 941 526 988 Tuscie
549 939 607 987 de
631 939 800 987 familia
820 939 964 1002 ipsius
982 939 1163 987 comitis
1177 939 1455 1003 Anguillarie
1482 938 1766 996 ceciderunt,

368 1015 558 1078 quidam
579 1016 717 1079 capti,
743 1015 932 1078 quidam
952 1015 1200 1073 interfecti,
1229 1015 1332 1079 ipso
1352 1014 1542 1062 domino
1563 1013 1772 1063 Guidone

370 1093 576 1157 graviter
602 1093 866 1141 vulneratO.

887 1232 929 1276 M
946 1230 1012 1278 CC
1029 1231 1262 1279 LXXXIV.

437 1350 549 1413 Cap.
570 1348 732 1398 CXXV
743 1365 785 1395 a.
801 1376 864 1385 —-
875 1349 1008 1395 Anno
1023 1348 1203 1395 Domini
1217 1348 1268 1395 M⁰
1279 1348 1354 1396 CC⁰
1369 1347 1596 1404 LXXX11110,
1618 1348 1768 1395 domi-

371 1443 457 1474 nus
484 1443 603 1489 papa
625 1426 863 1483 Martinus,
888 1425 1115 1472 maliciam
1141 1424 1187 1472 et
1211 1423 1438 1488 nequitias
1458 1424 1622 1473 Reneri
1649 1424 1775 1488 capi-

368 1504 490 1550 tanei
530 1503 874 1552 Urbe-Veteris
920 1503 1039 1549 ultra
1088 1502 1316 1549 sustinere
1357 1518 1450 1548 non
1494 1501 1677 1558 valens,
1725 1517 1775 1549 se

368 1580 600 1626 transtulit
626 1579 866 1626 Perusium
887 1579 963 1626 ubi
984 1595 1091 1627 cum
1117 1578 1291 1642 ingenti
1319 1579 1494 1625 honore
1519 1584 1566 1624 et
1592 1577 1771 1641 gaudio

369 1656 609 1718 multiplici
634 1662 704 1702 est
725 1661 960 1718 receptus.
985 1655 1075 1702 Sed
1095 1671 1153 1701 ex
1180 1671 1236 1701 eo
1262 1654 1469 1717 prefatus
1493 1658 1701 1702 Renerus
1727 1653 1773 1701 in

371 1732 524 1778 officio
548 1731 773 1795 capitanie
793 1732 1097 1794 ingrassatus,
1126 1731 1172 1777 in
1200 1736 1374 1778 tantam
1395 1730 1632 1777 demencie
1659 1745 1769 1792 pra-

366 1809 521 1854 vitatis
547 1808 776 1871 gebelline
805 1808 1020 1869 prorupit
1063 1806 1302 1854 audaciam
1334 1806 1461 1870 quod
1497 1806 1682 1853 Guelfos
1716 1805 1775 1852 de

370 1884 670 1933 Urbe-Veteri
700 1900 755 1931 eo
792 1884 1041 1930 nobiliores
1073 1888 1118 1930 et
1156 1883 1442 1946 potentiores
1470 1881 1771 1945 subpeditare

370 1960 573 2007 totaliter
590 1961 836 2015 niteretur;
859 1959 938 2006 sed
955 1960 1117 2016 Guelfi,
1137 1960 1335 2022 sumptis
1351 1958 1530 2005 viribus
1546 1963 1593 2005 et
1611 1963 1776 2005 vocato

373 2036 563 2084 domino
607 2036 813 2084 Guidone
855 2036 912 2082 de
957 2036 1220 2083 Monteforti
1265 2036 1342 2098 qui
1389 2036 1454 2082 eis
1501 2035 1772 2090 adherebat,

375 2113 530 2174 ipsum
548 2116 779 2160 Renerum
800 2127 906 2158 cum
931 2111 1052 2168 filiis,
1072 2118 1178 2173 post
1204 2110 1392 2158 tandem
1417 2126 1579 2157 omnes
1598 2109 1776 2158 Gebeli-

374 2204 460 2235 nos
480 2188 567 2234 sibi
591 2188 867 2235 adherentes
892 2187 950 2234 ab
977 2187 1280 2236 Urbe-Veteri
1306 2186 1559 2250 ejecerunt.

441 2265 482 2311 h.
505 2291 568 2300 —
587 2264 763 2312 Eodem
787 2271 1016 2326 tempore,
1041 2280 1196 2311 comes
1211 2264 1268 2310 de
1285 2263 1437 2327 Joigni
1457 2263 1535 2325 qui
1556 2262 1625 2309 in¹
1649 2261 1775 2309 obsi-

375 2339 512 2386 dione
550 2339 762 2387 Urbinaci
796 2346 1108 2396 remanserat,
1151 2345 1312 2386 contra
1346 2338 1521 2386 domini
1552 2337 1773 2386 Guidonis

377 2415 435 2462 de
467 2415 728 2463 Monteforti
758 2415 1111 2462 instructionem
1142 2415 1422 2462 Urbinacum
1452 2413 1774 2476 imprudenter

380 2492 620 2547 invadens,
650 2491 823 2538 ibidem
849 2491 1001 2539 extitit
1023 2492 1313 2539 interfectus.

443 2583 482 2613 c.
517 2594 580 2602 —
611 2570 658 2613 In
692 2567 893 2613 crastino
919 2567 1058 2614 etiam
1083 2566 1413 2630 assumptionis
1442 2569 1579 2613 Beate
1612 2565 1767 2621 Marie,

380 2643 546 2691 eodem
560 2660 697 2698 anno,
716 2643 952 2706 Philippus
966 2652 1091 2701 1111¹¹³,
1117 2660 1201 2691 rex
1218 2643 1422 2700 Francie‚
1447 2643 1580 2691 duxit
1596 2643 1641 2689 in
1662 2658 1777 2689 uxo-

436 2785 468 2819 1.
492 2784 575 2820 Lat.
599 2783 720 2831 50050,
741 2785 796 2820 de.
