2060 3345
273 321 375 366 1356]
498 323 705 355 ΒΙΟΗΑΒΒΙ
734 322 860 354 SGOTI
889 321 1096 354 CHRONICI
1123 321 1431 354 GONTINUATIO.
1604 315 1668 351 103

269 404 561 466 ascripsisset
596 401 722 465 quod
752 402 1024 465 adgrestum
1057 402 1159 464 (sic)
1190 399 1527 454 detractabat&
1564 399 1671 446 inde

270 481 566 528 retrocedere
590 478 844 543 dedignati,
868 478 915 524 in
941 495 1022 524 eos
1048 479 1232 525 irruunt
1258 477 1578 524 incunctanter
1604 481 1666 531 et,

272 557 463 604 introitu
491 573 596 604 cum
625 555 894 602 difficultate
924 571 1091 618 magna
1122 554 1369 617 patefacto,
1399 558 1533 600 atrox
1565 568 1672 616 pre-

273 633 383 680 lium
416 633 675 679 inchoatur.
709 630 841 688 Quod
876 647 960 677 rex
985 647 1279 693 comparens,
1322 645 1428 677 cum
1456 629 1673 676 festinan-

272 709 362 756 tius
393 710 517 773 justo
550 708 706 755 debito
749 724 832 754 nec
867 707 1079 754 ordinata
1111 707 1207 754 acie
1243 708 1338 755 suis
1374 707 1673 754 accelerasset

272 801 412 847 open]
438 785 577 841 ferre,
606 791 717 831 tunc
745 784 1136 848 Francigenarum
1162 785 1268 846 equi
1294 784 1498 831 hostium
1525 790 1674 831 tractu

273 861 441 907 vallido
468 860 775 908 indomabiles
795 859 1076 914 redduntur,
1104 859 1227 906 unde
1256 860 1387 906 multi
1417 859 1670 923 perterriti,

272 954 377 984 curn
406 943 568 984 mutuo
593 953 643 984 se
674 936 913 983 adliunare
939 952 1028 982 non
1059 942 1251 999 possent
1276 941 1321 983 et
1347 936 1561 983 viderent
1580 936 1674 1000 jam

272 1013 565 1060 adversarios
591 1012 858 1075 superiores
890 1011 1091 1058 existere
1118 1017 1164 1058 et
1199 1012 1495 1059 marescallos
1530 1028 1676 1074 expo-

273 1089 412 1136 sitos‘2
447 1095 659 1136 extremo
697 1088 969 1143 discrimini,
1010 1087 1187 1150 absque
1219 1087 1541 1136 crubescentie
1573 1088 1676 1135 velo

272 1167 511 1229 fugerunt,
542 1181 651 1228 rege
676 1165 855 1212 relicto.
882 1165 1014 1222 Quod
1035 1165 1346 1227 percipientes
1368 1165 1531 1212 famosi
1553 1165 1678 1228 capi-

272 1241 395 1288 tanei
420 1242 693 1305 Aymericus
722 1241 781 1288 de
806 1241 1048 1304 Poymiers
1073 1248 1118 1288 et
1151 1243 1324 1304 Captau
1354 1241 1412 1288 de
1438 1245 1532 1288 Beu
1569 1258 1676 1288 cum

271 1318 368 1365 suis
389 1318 706 1366 Guasconibus
726 1318 784 1365 ad
809 1334 918 1365 eum
939 1334 1049 1364 mox
1075 1323 1394 1373 accurrerunt,
1420 1324 1465 1364 et
1487 1318 1677 1365 domino

270 1396 507 1444 Gauffrido
521 1395 578 1442 de
594 1397 826 1459 Chargny,
845 1410 929 1441 suo
945 1394 1220 1449 vexillifero,
1240 1395 1502 1450 interfecto,
1522 1395 1677 1458 ipsum

270 1487 431 1535 regem
464 1471 647 1518 fortiter
683 1471 976 1535 preliantem,
1008 1471 1277 1533 protdolor!
1317 1471 1506 1518 tandem
1542 1488 1678 1534 cepe-

271 1552 397 1594 runt.
428 1550 483 1594 Et
514 1564 694 1603 revera,
725 1547 762 1594 si
789 1552 959 1610 quanta
984 1563 1067 1593 rex
1094 1547 1263 1594 virtute
1300 1547 1425 1594 fulsit
1448 1547 1492 1593 in
1530 1547 1677 1610 prelio

271 1630 398 1671 tanta
429 1624 687 1671 constantia
724 1624 856 1671 miles
888 1624 1133 1671 mansisset
1164 1624 1209 1670 in
1243 1624 1355 1677 acie,
1385 1624 1473 1671 hoc
1504 1624 1678 1672 indele-

272 1701 363 1748 bile
395 1700 598 1748 dedecus
628 1707 673 1748 et
702 1718 905 1764 perenne
938 1701 1235 1765 Francigenis
1267 1700 1458 1747 minime
1484 1700 1678 1748 accidis-

271 1782 358 1823 set.
383 1776 472 1824 Sed
500 1777 715 1839 captione
741 1783 1000 1840 comperta,
1026 1777 1240 1833 KaroluS,
1266 1777 1365 1840 ejus
1392 1778 1677 1841 primogeni-

268 1857 360 1907 tus,
376 1851 570 1899 vallatus
586 1853 762 1914 potenti
783 1853 992 1900 subsidio
1004 1856 1039 1900 N
1045 1869 1348 1900 ormanorum
1364 1860 1408 1900 et
1423 1853 1501 1915 qui
1518 1854 1676 1901 hostes

269 1943 464 1973 numero
488 1928 792 1983 excedebant,
817 1928 876 1975 de
895 1928 1090 1975 consilio
1111 1928 1290 1975 domini
1314 1928 1372 1976 de
1394 1932 1491 1975 Han
1513 1935 1558 1975 et
1578 1929 1675 1976 Ade

268 2003 326 2050 de
367 2004 608 2051 Meleduno
647 2005 726 2067 qui
768 2005 955 2052 frenum
987 2005 1087 2069 ejus
1120 2006 1364 2069 regebant,
1403 2023 1617 2053 seorsum
1650 2024 1676 2053 a

268 2080 483 2128 conflictu
518 2097 568 2127 se
605 2081 828 2128 retraxit3
869 2098 1010 2145 quem
1053 2098 1162 2129 mox
1202 2082 1482 2138 Ludovicus‚
1521 2082 1676 2130 Ande-

267 2156 418 2220 gavie,
442 2163 486 2204 et
506 2158 753 2214 Johaniies,
777 2158 978 2205 Pictavie
998 2159 1211 2213 comites,
1237 2159 1404 2207 fratres
1424 2159 1540 2224 ejus,
1567 2176 1673 2207 cum

268 2232 363 2279 suis
394 2232 719 2289 bellatoribus,
760 2233 906 2281 secuti
939 2239 1066 2281 sunt.
1103 2237 1230 2282 Tunc
1265 2235 1485 2298 princeps
1514 2236 1673 2285 Wallie

313 2378 345 2413 1.
370 2377 442 2413 Ms.
466 2379 684 2413 detratabat.

310 2437 343 2472 ἱ).
368 2436 439 2471 Ms.
462 2439 634 2481 emposita.

309 2495 344 2531 3.
367 2495 453 2531 Une
476 2495 586 2530 lettre
601 2495 649 2530 du
667 2500 792 2532 comte
812 2494 1074 2541 d'Armagnac
1096 2497 1145 2532 du
1165 2498 1214 2532 1ειρ
1229 2498 1383 2534 octobrc
1400 2498 1503 2544 1356,
1520 2498 1669 2545 publi6e

263 2564 330 2600 par
350 2553 509 2589 M13nard
533 2555 703 2596 (Histoire
724 2556 764 2590 dc
784 2555 918 2596 Nonas,
939 2561 964 2591 t.
982 2555 1033 2601 ΙΙ,
1058 2555 1241 2601 Preuves,
1263 2568 1299 2603 p.
1324 2557 1402 2603 182>
1426 2562 1463 2593 et
1484 2557 1581 2593 citee
1603 2569 1670 2604 pau·

266 2613 315 2646 M.
342 2612 442 2647 Luce
469 2613 688 2659 OEroissart,
710 2619 736 2648 t.
760 2614 809 2659 V,
832 2626 867 2660 p.
890 2624 954 2659 xit,
977 2626 1013 2649 n.
1040 2616 1087 2660 1),
1110 2621 1259 2651 montrc
1279 2627 1352 2662 quc
1375 2616 1409 2651 le
1430 2616 1597 2661 dauphin
1620 2627 1668 2651 ne

264 2671 386 2717 quitta
408 2671 439 2706 lc
461 2672 600 2718 champ
621 2672 666 2708 dc
686 2672 839 2709 bataille
867 2685 940 2720 que
967 2685 1032 2709 sur
1054 2674 1107 2709 lcs
1138 2674 1270 2710 ordres
1297 2675 1345 2710 ‹lu
1377 2676 1442 2711 roi.
1470 2676 1531 2711 Un
1559 2682 1667 2711 autre

267 2729 333 2765 suit
354 2730 539 2766 consu-me
560 2741 699 2767 encore
724 2732 912 2768 l'uttitudc
933 2732 982 2768 du
1003 2732 1171 2780 dauphin
1193 2745 1239 2769 en
1262 2739 1360 2770 cette
1377 2735 1553 2780 journee,
1577 2734 1667 2771 c'cst

265 2799 338 2834 quc
366 2799 435 2825 son
460 2791 788 2836 porte-etcndard,
811 2791 966 2828 Tristan
994 2792 1038 2829 de
1060 2793 1346 2839 Maignelieres,
1369 2793 1423 2828 fut
1444 2794 1603 2829 cntourc
1630 2800 1663 2829 ct

268 2845 342 2892 pris
362 2858 429 2893 par
450 2847 504 2883 les
526 2846 687 2895 Anglais
711 2849 868 2895 (British
891 2850 1081 2896 Museum,
1103 2853 1223 2888 Addit.
1250 2853 1392 2895 Chare„
1414 2860 1456 2887 n0
1476 2852 1544 2892 17».
