2060 3345
382 314 448 351 118
616 315 821 348 RICIIARDI
849 312 976 345 SCOTI
1003 311 1211 344 CHRONICI
1238 311 1546 344 GONTINUATIO.
1671 309 1774 356 [1357

378 397 653 446 mutandum
671 400 848 442 mentes
867 392 1033 456 plebis,
1057 393 1251 440 Karolus
1271 397 1483 447 Taussac‚
1510 392 1770 457 burgensis,

377 475 519 522 multa
552 472 734 520 sinistra
759 469 953 533 protulit
987 469 1031 515 in
1067 468 1233 516 ducem
1261 475 1307 515 et
1339 468 1586 515 familiares
1609 469 1771 532 ipsiuS,

375 552 697 610 Johannesque
724 546 782 592 de
811 547 975 592 Sancta
1009 545 1156 601 Anda,
1194 545 1463 601 advocatus,
1499 544 1616 591 dixit
1648 545 1775 608 quod

375 627 432 674 de
459 624 663 689 pecuniis
689 621 817 685 regni
852 621 1122 668 collectores
1149 638 1239 668 non
1266 621 1561 684 repleverant
1594 637 1773 668 marsu-

376 702 449 766 pia
481 700 560 747 sed
590 698 842 746 servitores
876 697 1033 744 etiam.
1063 700 1328 760 Iterumque
1355 697 1551 745 Karolus
1576 700 1773 744 Taussac

371 776 662 842 prepositum
692 781 1004 824 mercatorum
1032 773 1371 837 multipliciter1
1401 774 1572 821 multos
1596 773 1772 821 inducit

371 857 612 918 presentes
641 851 700 898 ad
726 850 1020 898 clamandum
1050 850 1176 912 quod
1208 849 1294 912 ipsi
1329 849 1641 897 obediendum
1672 855 1772 897 erat

371 931 417 977 in
444 928 639 976 cunctis.

434 1008 546 1055 263„
587 1031 651 1040 —-
688 1005 774 1050 Per
816 1008 912 1049 tres
952 1006 1099 1049 status
1142 1001 1350 1065 deputati
1395 1005 1655 1048 statuerunt
1698 1007 1766 1057 ut,

369 1099 456 1146 pro
482 1079 689 1128 subsidio
714 1094 991 1143 guerrarum
1016 1085 1062 1125 et
1088 1077 1401 1126 continuando
1421 1082 1592 1124 statum
1617 1076 1764 1134 ducis,

370 1161 555 1205 moneta
596 1171 735 1202 aurea
777 1170 965 1202 cursum
1007 1153 1141 1201 solito
1180 1153 1451 1200 debiliorem
1489 1154 1684 1200 haberet
1724 1159 1770 1200 et

369 1240 498 1281 muto
519 1249 687 1280 aureus
710 1247 797 1294 pro
822 1245 922 1278 xxx
949 1229 1135 1277 solidis2
1162 1235 1407 1292 caperetur
1429 1235 1493 1285 et,
1517 1229 1574 1276 de
1602 1228 1768 1275 nobili-

368 1311 455 1358 bus
481 1326 573 1356 non
600 1308 819 1355 facientes
846 1306 1130 1353 mentionem
1157 1306 1262 1368 quia
1296 1306 1354 1353 ab
1379 1321 1542 1353 eorum
1567 1305 1768 1351 consiliis

368 1386 553 1450 penitus
592 1385 942 1439 subtraxerunt,
978 1387 1240 1429 statuerunt
1271 1389 1322 1429 ut
1353 1381 1440 1428 viri
1473 1381 1766 1428 ecclesiastici

369 1463 667 1510 medietatem
686 1460 864 1508 decime
883 1459 1133 1514 solverent,
1156 1459 1506 1522 burgensesque
1523 1474 1610 1521 pro
1623 1472 1684 1505 XL
1698 1457 1767 1504 fo-

368 1539 433 1587 cis
474 1544 520 1585 et
561 1542 768 1602 agrestes
804 1536 957 1583 accole
998 1552 1084 1599 pro
1125 1541 1309 1582 centum
1348 1549 1493 1581 unum
1531 1533 1765 1581 hominem

370 1614 694 1662 continuarent
719 1617 964 1659 armatum.

431 1689 544 1740 264.
567 1717 631 1725 —
655 1693 774 1736 Dum
801 1688 866 1735 sic
886 1687 991 1734 villa
1009 1687 1280 1735 Parisiensis
1300 1687 1345 1734 in
1372 1686 1644 1734 concordia3
1673 1703 1763 1733 non

365 1765 599 1821 manebat,
619 1763 934 1811 thesaurarius
954 1762 1129 1810 domini
1150 1762 1296 1820 ducis,
1322 1768 1514 1809 vocatus
1534 1762 1764 1810 Johannes

363 1843 538 1898 Baillet,
562 1859 587 1888 a
604 1841 775 1888 famulo
801 1840 1043 1904 cujusdam
1061 1839 1320 1902 campsoris
1341 1845 1605 1902 nuncupato
1622 1843 1761 1886 Petro

363 1921 485 1965 Marc
524 1917 704 1964 occisus
746 1921 843 1972 est,
882 1932 975 1978 quo
1015 1922 1289 1978 perpetrato
1327 1915 1522 1971 scelere,
1561 1931 1666 1962 cum
1703 1915 1761 1961 ad

362 1993 601 2041 ecclesiam
617 1993 769 2040 Sancti
791 1992 1019 2047 Mederici,
1036 1991 1338 2038 immunitatis
1358 1990 1521 2054 gratia,
1541 1991 1752 2054 fugisset,

362 2077 586 2135 precepto
608 2069 783 2117 domini
810 2069 957 2125 ducis,
981 2069 1213 2116 Robertus
1239 2069 1297 2115 de
1323 2069 1634 2125 Claromonte,
1663 2067 1762 2131 ejus

362 2147 676 2202 marescallus,
714 2151 760 2192 et
795 2145 1065 2192 Parisiensis
1100 2144 1385 2208 prepositus,
1422 2144 1579 2191 fractis
1612 2143 1762 2207 portis

364 2222 574 2279 ecclesie,
599 2222 822 2269 famulum
843 2221 1070 2268 violenter
1097 2227 1398 2269 extraxerunt
1425 2226 1487 2277 et,
1509 2220 1594 2268 sibi
1622 2237 1759 2268 manu

362 2299 582 2355 abscissa,
612 2298 714 2345 loco
739 2298 785 2344 in
813 2315 905 2360 quo
927 2297 1217 2361 delinquerat
1241 2297 1362 2345 hunc
1387 2296 1607 2360 suspendi
1639 2296 1760 2343 feee-

362 2380 487 2422 runt.
519 2373 608 2421 Sed
644 2373 944 2436 postmodum
977 2373 1224 2436 episcopus
1255 2372 1522 2420 Parisiensis
1552 2372 1611 2419 de
1643 2372 1760 2435 pati-

363 2451 471 2498 bulo
506 2450 676 2513 deponi
714 2450 981 2512 procuravit
1007 2456 1053 2497 et
1080 2450 1125 2496 in
1163 2449 1354 2497 ecclesia
1384 2449 1587 2512 sepeliri,
1616 2449 1758 2495 viola-

362 2532 489 2574 tores
509 2531 663 2573 autem
689 2525 879 2572 ecclesie
904 2525 1210 2573 anathematis
1230 2525 1414 2572 vinculo
1433 2524 1719 2572 innodavit&

411 2655 443 2690 1.
466 2655 532 2692 Un
552 2657 633 2690 mot
651 2658 710 2690 est
726 2653 823 2690 omis
844 2653 893 2690 ici
913 2654 1008 2690 dans
1029 2655 1063 2691 le
1084 2665 1157 2691 ms.

410 2714 442 2750 2.
468 2713 539 2748 Ms.
561 2714 712 2748 soludz's.

411 2771 444 2808 3.
468 2771 539 2806 Ms.
562 2772 700 2806 cordia.

411 2829 445 2864 4.
468 2828 523 2865 Cf.
546 2829 706 2867 Grandes
730 2828 964 2873 Chroniques,
987 2832 1013 2864 t.
1036 2827 1105 2874 VI,
1128 2839 1163 2875 p.
1187 2827 1306 2865 8‘2-83.
