2060 3345
360 327 425 362 ’154
594 328 801 361 RICHARDI
828 326 955 359 SCOTI
982 324 1189 358 CHRONIGI
1217 325 1524 358 GONTINUATIO.
1653 324 1757 370 [1362

358 409 604 457 destinavit
624 407 702 470 qui
726 421 885 469 regem
915 410 961 452 et
988 404 1246 468 regnicolas
1272 403 1512 451 induceret
1537 403 1595 452 ad
1624 421 1759 469 egre-

359 485 580 533 diendum
612 481 1035 546 peregrinationem
1060 481 1119 528 ad
1149 479 1501 529 Christianitatis
1532 480 1757 528 honorem

358 578 498 625 quam
524 568 678 607 tamen
699 557 845 605 noluit
864 562 1124 620 acceptare.

424 640 535 684 330.
567 663 631 672 -
659 634 892 683 Johannes
916 650 1020 692 rex,
1048 632 1234 681 rediens
1259 633 1479 690 Parisius,
1509 634 1758 681 concilium

357 710 607 760 celebravit
623 709 821 773 qualiter
837 709 1006 773 regalis
1025 709 1160 756 erarii
1176 709 1188 737 ¹
1208 708 1415 771 inopiam
1438 709 1666 756 relevaret
1678 711 1696 737 ²
1713 715 1758 756 et

356 795 465 836 tunc
490 805 516 834 a
538 785 819 850 quibusdam
844 785 1079 848 deputatis
1105 790 1329 832 statutum
1348 789 1417 831 est
1438 784 1758 848 impositiones

354 863 505 927 colligi
531 868 578 910 et
603 869 652 910 ut
673 862 731 909 de
751 862 956 925 qualibet
976 861 1122 909 cauda
1141 861 1234 908 vini
1256 861 1522 925 Burgundie
1542 876 1672 909 XL1111
1693 879 1753 919 s.,

355 941 413 988 de
437 939 582 987 cauda
607 939 703 985 vini
728 938 883 987 Gallici
903 953 1002 986 XXII
1023 955 1062 985 s.
1095 938 1236 1002 regiis
1256 938 1582 986 collectoribus
1607 939 1758 987 solve-

355 1022 520 1064 rentur
539 1015 754 1079 quotiens
781 1014 1114 1062 venderentur.

421 1096 530 1140 334.
560 1121 624 1129 ——
649 1096 839 1148 Iterum,
861 1092 919 1139 de
945 1091 1117 1138 civium
1142 1090 1334 1138 consilio
1361 1096 1407 1138 et
1426 1106 1636 1149 assensu,
1666 1097 1758 1139 sta-

352 1175 543 1217 tuerunt
567 1174 620 1216 ut
643 1185 790 1232 usque
813 1168 871 1215 ad
898 1174 1078 1215 certum
1104 1167 1464 1215 determinatum
1489 1174 1676 1231 tempus
1699 1168 1757 1216 de

353 1246 528 1294 cunctis
553 1246 695 1293 rebus
721 1244 961 1293 venalibus
988 1261 1071 1291 sex
1096 1244 1273 1291 denarii
1300 1261 1388 1308 pro
1420 1244 1537 1292 libra
1573 1251 1758 1292 exacto-

352 1322 482 1369 ribus
501 1321 640 1385 regiis
660 1321 975 1368 traderentur.
999 1324 1058 1369 Ut
1077 1325 1235 1367 autem
1253 1320 1338 1367 hec
1357 1320 1595 1383 impositio
1615 1336 1758 1384 super

353 1397 698 1444 mercandisiisss
738 1395 1052 1443 nundinarum
1094 1395 1258 1442 Indicti
1301 1395 1535 1443 levaretur
1571 1413 1656 1443 rex
1699 1396 1756 1444 ab

352 1473 518 1521 abbate
553 1473 705 1521 Sancti
739 1472 947 1536 Dyonisii
979 1472 1266 1535 impetravit,
1297 1472 1413 1520 dans
1446 1473 1553 1520 inde
1578 1473 1757 1521 litteras

351 1550 477 1613 quod
500 1549 588 1596 hoc
613 1554 826 1613 tempore
853 1548 1012 1597 futuro
1037 1548 1084 1595 in
1108 1547 1416 1613 prejudicium
1442 1553 1756 1597 mercatorum

351 1627 540 1673 minime
566 1626 816 1674 levaretur.

417 1704 529 1751 332.
549 1729 612 1737 -—
627 1702 852 1749 Diuturna
870 1701 1105 1749 contentio
1127 1717 1217 1764 que
1243 1701 1366 1748 inter
1382 1701 1621 1748 comittem
1641 1703 1755 1750 Fuxi

351 1784 398 1825 et
422 1778 659 1826 comittem
688 1777 948 1826 Armeniaci
974 1777 1187 1842 viguerat
1221 1777 1310 1825 isto
1344 1794 1464 1825 anno
1500 1779 1650 1841 sopita
1685 1785 1756 1826 est

349 1855 609 1919 gladiorum
623 1855 884 1912 accumine3
908 1871 1016 1902 nam
1035 1871 1193 1902 comes
1210 1855 1341 1911 Fuxi,
1364 1855 1555 1902 victoria
1578 1855 1755 1918 potitus

350 1931 397 1978 in
430 1932 593 1994 prelio,
622 1931 841 1979 comitem
876 1931 935 1980 de
969 1932 1230 1995 Cominges,
1269 1931 1511 1979 dominum
1545 1932 1756 1979 d'Albret

351 2013 397 2054 et
422 2007 540 2054 duos
576 2008 742 2055 fratres
776 2008 939 2071 ipsiuS,
970 2007 1212 2055 dominum
1244 2009 1384 2055 etiam
1409 2008 1466 2055 de
1502 2008 1672 2056 Claude
1709 2014 1755 2056 et

352 2084 598 2132 nonnullos
631 2085 745 2132 alios
779 2085 981 2132 famosos
1016 2085 1184 2132 milites
1215 2085 1338 2148 cepit
1369 2091 1415 2132 et
1446 2085 1505 2133 ad
1535 2085 1755 2149 redemp-

351 2160 502 2209 tiones
539 2160 859 2224 importabiles
898 2161 1096 2226 coegit4.
1139 2161 1212 2210 Sic
1251 2161 1524 2209 mirabiliter
1561 2161 1749 2218 ditatus,

401 2319 436 2355 1.
457 2318 530 2354 Ms.
553 2319 706 2354 errariz'.

398 2377 434 2413 2.
456 2377 510 2413 Le
529 2381 609 2413 mot
628 2379 794 2424 inopiam
814 2387 855 2414 se
877 2381 1013 2415 trouve
1041 2378 1168 2426 repete
1188 2377 1284 2414 dans
1308 2378 1342 2415 le
1370 2388 1443 2414 ms,
1466 2377 1488 2413 a
1514 2377 1551 2413 la
1579 2377 1678 2413 suite
1707 2376 1752 2413 de

353 2439 541 2472 revelaret.

401 2496 435 2533 3.
458 2496 530 2532 Ms.
550 2497 780 2531 mercaneiis.

400 2555 435 2590 4.
457 2554 512 2590 La
530 2553 685 2590 bataille
705 2559 814 2590 entre
834 2553 869 2590 le
890 2558 1014 2590 comte
1035 2554 1082 2590 de
1110 2553 1206 2590 Foix
1225 2560 1262 2590 et
1288 2553 1324 2590 le
1345 2559 1469 2590 comte
1492 2552 1750 2600 d’Armagnac

354 2617 419 2648 eut
444 2612 521 2647 lieu
548 2612 582 2647 le
606 2611 625 2647 5
646 2611 848 2648 decembre
877 2612 980 2655 1362,
1004 2612 1026 2647 a
1052 2613 1225 2659 Launac,
1246 2612 1588 2659 Haute-Garonne,
1609 2623 1682 2647 arr.
1705 2612 1750 2647 do

354 2670 557 2714 Toulouse‚
583 2675 683 2706 cant.
707 2670 752 2706 de
773 2670 1234 2707 Grenade-sur-Garonne
1258 2670 1317 2716 (cf.
1340 2672 1497 2706 Histoire
1515 2672 1566 2706 du
1587 2671 1749 2716 Langue-

356 2732 431 2772 (loe,
455 2736 480 2766 t.
505 2729 580 2776 IX,
600 2741 636 2776 p.
659 2729 753 2775 747).
