2060 3345
249 329 352 376 1331]
618 332 824 365 RIGHARDI
853 332 979 365 SCOTI
1008 331 1273 365 CIIRONICON.
1598 330 1641 366 27

244 428 432 476 semper
463 411 656 460 dixisset
682 411 810 474 quod
838 411 924 459 sub
952 412 1100 476 sigillo
1134 411 1439 459 confessionis
1471 411 1645 459 sciebat

244 506 328 537 nec
361 495 521 553 posset
556 489 654 536 sine
688 488 894 552 periculo
931 488 1162 545 revelare,
1204 488 1394 535 tandem
1425 488 1642 536 instinctu

244 566 451 630 magistri
489 566 609 613 Petri
647 565 707 612 de
747 564 934 619 Palude,
974 565 1235 628 patriarcha
1269 564 1642 614 Jerosolimitano

244 659 350 690 cum
376 643 474 690 aliis
499 641 734 706 magistris
760 641 806 687 in
832 641 1062 705 theologia
1094 642 1466 705 quibusdamque
1493 659 1645 690 secre-

244 720 372 767 tariis
401 719 524 784 regis
551 718 910 766 assentientibus
936 723 982 765 et
1007 718 1268 766 dicentibus
1299 719 1425 781 quod
1461 725 1645 783 poterat

244 797 451 843 revelare
481 795 737 843 secundum
763 795 890 857 quod
914 794 1099 850 dicitur,
1122 795 1203 842 sed
1221 795 1383 843 dubito
1401 796 1641 843 revelavit.

244 872 327 930 Qui
345 872 580 935 repositus
606 872 651 918 in
678 888 862 920 carcere
884 888 977 935 quo
998 871 1191 929 exierat,
1216 872 1328 934 quid
1346 872 1404 920 de
1425 873 1526 936 ipso
1553 873 1646 920 fac-

243 955 342 995 tum
369 948 453 995 suit
478 949 537 995 ab
563 949 781 995 omnibus
806 948 1048 1011 ignoratur
1068 948 1100 994 ¹.

310 1027 388 1072 65.
420 1052 484 1060 —
523 1025 687 1083 Quinta
723 1024 902 1071 decima
937 1024 1011 1071 die
1048 1024 1311 1071 decembris
1343 1024 1429 1071 fuit
1463 1024 1646 1088 eclipsis

245 1102 351 1149 lune
384 1101 518 1148 valde
555 1118 722 1165 magna
755 1101 990 1148 modicum
1027 1107 1133 1164 post
1164 1100 1365 1148 mediam
1392 1108 1576 1148 noctem
1602 1107 1647 1148 et

243 1177 430 1225 duravit
462 1194 549 1241 per
582 1184 677 1225 tres
712 1179 851 1225 horas
883 1184 929 1225 et
961 1178 1159 1240 amplius
1185 1178 1265 1225 sed
1298 1177 1406 1241 quia
1432 1178 1509 1224 tali
1535 1178 1648 1225 hora

246 1254 428 1311 accidit,
458 1272 483 1301 a
511 1255 730 1318 pluribus·
750 1271 843 1301 non
870 1260 941 1302 est
965 1254 1115 1300 visa2.

312 1333 438 1378 ssss-e.
462 1359 526 1366 —
552 1336 706 1380 Mense
733 1331 984 1387 februario,
1010 1331 1227 1386 Parisius‚
1255 1331 1378 1394 apud
1398 1334 1646 1394 Luperam,

244 1425 355 1473 rege
394 1425 481 1471 pro
517 1409 734 1456 tribunali
771 1409 962 1456 sedente
993 1424 1099 1455 cum
1132 1408 1288 1455 multis
1323 1408 1576 1456 baronibus
1606 1416 1652 1457 et

244 1485 451 1548 prelatis,
491 1485 708 1533 dominus
743 1485 976 1535 Robertus
1001 1485 1060 1532 de
1086 1485 1332 1532 Attrabato
1365 1486 1647 1549 sepedictus,

245 1562 382 1608 tertio
408 1568 600 1609 vocatus
626 1563 683 1609 ad
710 1562 1093 1626 respondendum
1120 1561 1178 1608 de
1205 1567 1250 1608 et
1275 1578 1418 1625 super
1447 1562 1651 1611 articulis

245 1637 330 1685 sibi
360 1638 606 1702 impositis,
629 1639 687 1686 ad
702 1639 827 1686 diem
845 1639 931 1686 sibi
952 1639 1234 1703 assignatam
1256 1655 1347 1685 non
1368 1640 1647 1703 comparuit,

243 1720 294 1762 ut
315 1715 532 1772 debebat,
558 1716 640 1763 sed
667 1716 794 1762 misit
818 1732 924 1763 cum
946 1716 1101 1762 multis
1123 1715 1346 1763 militibus
1372 1716 1472 1763 sine
1498 1723 1649 1763 tamen

243 1793 569 1854 procuratorio
617 1792 869 1855 quemdam
919 1792 1137 1839 abbatem
1184 1792 1241 1839 de
1286 1792 1451 1839 ordine
1498 1793 1651 1840 Sancti

243 1869 492 1925 Benedicti,
515 1870 724 1933 rogando
745 1885 905 1933 regem
930 1885 1035 1916 cum
1064 1869 1253 1932 paribus
1275 1869 1405 1933 regni
1433 1869 1651 1932 quatinus

243 1945 331 1992 sibi
357 1946 690 1994 concederetur
713 1952 877 2010 quarta
911 1946 1086 2002 dilatio,
1123 1946 1402 2009 promittens
1440 1945 1565 2008 quod
1593 1945 1651 1993 ad

242 2021 366 2069 illam
384 2023 692 2086 personaliter
709 2028 1004 2086 compareret
1029 2028 1075 2070 et
1095 2022 1153 2070 de
1173 2022 1260 2070 sibi
1285 2022 1519 2086 impositis
1539 2022 1652 2086 legi-

244 2099 354 2146 time
380 2116 429 2146 se
450 2105 687 2164 purgaret.
712 2100 873 2164 Igitur,
901 2099 1089 2164 negotio
1107 2099 1173 2147 sic
1193 2105 1403 2162 peracto,
1428 2116 1514 2147 rex
1535 2102 1651 2147 Boe-

243 2174 333 2221 mie
360 2182 406 2222 et
431 2176 665 2223 Johannes
691 2175 787 2222 dux
821 2175 1117 2231 Normannie,
1148 2174 1493 2239 primogenitus
1525 2175 1652 2239 regis

292 2332 325 2366 1.
349 2331 401 2366 Le
421 2331 703 2367 Continuateur
723 2331 769 2367 de
791 2331 1010 2367 Guillaume
1030 2331 1076 2367 de
1096 2331 1245 2378 Nangis
1267 2335 1424 2367 racontc
1453 2331 1651 2377 beaucoup

243 2388 328 2435 plus
359 2389 609 2435 longuement
631 2395 690 2426 cet
712 2389 884 2425 incident
904 2394 942 2425 et
962 2389 1117 2425 adresse
1139 2389 1204 2424 des
1231 2390 1379 2425 blames
1400 2389 1554 2425 sever-es
1576 2401 1650 2424 aux

245 2447 469 2483 conseillers
484 2448 533 2484 du
550 2449 619 2494 roi,
635 2448 781 2484 blames
797 2448 861 2495 qui
882 2459 930 2483 ne
952 2459 993 2485 se
1013 2453 1237 2485 retrouvent
1253 2448 1292 2484 ni
1307 2448 1402 2484 dans
1421 2448 1476 2484 les
1491 2450 1650 2485 Grandes

247 2507 471 2552 chroniques
503 2507 541 2543 ni
574 2508 666 2543 chez
688 2512 797 2543 notre
819 2512 956 2543 auteur
978 2507 1146 2553 (Contin.
1169 2507 1214 2544 de
1235 2507 1456 2544 Guillaume
1477 2507 1521 2543 de
1543 2507 1651 2543 Nan-

245 2565 317 2610 gis,
339 2571 365 2600 t.
388 2565 440 2609 II,
461 2577 496 2612 p.
522 2566 607 2611 1‘37;
633 2567 795 2603 Grandes
815 2566 1052 2612 Clirom'qucs,
1076 2572 1103 2602 t.
1129 2567 1179 2613 V,
1202 2579 1237 2614 p.
1260 2567 1352 2610 347).

291 2623 325 2658 52.
349 2624 398 2659 Co
420 2636 580 2671 passage
603 2637 642 2662 se
663 2632 795 2662 trouve
818 2625 912 2661 dans
929 2626 982 2662 les
998 2627 1159 2663 Grandes
1183 2627 1419 2671 Clironz‘quffl,
1439 2625 1460 2659 a
1477 2626 1510 2660 la
1525 2627 1648 2659 memo

245 2681 352 2726 place
380 2692 453 2728 que
482 2683 574 2718 chcz
604 2688 712 2720 notre
745 2689 902 2729 autenm
925 2683 958 2718 le
980 2683 1263 2720 Continuateur
1283 2683 1327 2719 do
1355 2683 1574 2719 Guilluumo
1604 2683 1648 2717 de

245 2739 409 2787 Nangis,
425 2751 473 2776 au
495 2742 702 2788 contraire,
719 2742 765 2778 l'a
790 2743 937 2789 reporte
956 2742 1040 2789 plus
1062 2742 1154 2787 loin,
1170 2742 1192 2778 ὰ
1208 2742 1243 2778 la
1264 2743 1315 2777 liu
1336 2741 1381 2777 ‹vle
1403 2746 1503 2777 cotto
1524 2742 1648 2777 {innoc

249 2800 287 2844 (t.
311 2799 360 2845 II,
380 2810 415 2846 p.
440 2800 534 2845 131).
