2060 3345
377 356 446 393 210
952 356 1207 389 ΑΡΡΕΝΒΙΟΕ.

1037 499 1115 540 III.

1197 599 1332 655 Agen,
1357 599 1384 640 8
1403 597 1505 641 aofit
1525 598 1655 642 1335.

375 700 678 744 Mandement
707 700 764 742 de
785 698 1238 753 Pierr‘e-Raymond
1260 700 1318 741 de
1339 699 1616 748 Εαόαείθηε,
1640 697 1779 742 se'ne'-

433 769 536 810 ehal
556 768 738 823 d'Ayen
759 770 801 810 et
820 768 878 810 de
899 765 1155 822 Gascoyne,
1180 780 1244 809 au
1264 765 1490 810 tre’sorier
1504 768 1700 823 d’Ayen,
1721 768 1779 811 de

429 848 579 891 φαμεν·
605 833 634 877 ὰ
658 836 911 890 Raymond
939 834 1205 878 d'Aubenas
1228 835 1293 877 les
1318 835 1446 890 frais
1466 836 1579 878 d'un
1600 847 1780 892 voyaye

433 916 520 959 que
534 903 727 946 celui-ci
739 916 768 946 α
779 903 871 958 fait
885 915 992 946 ver-s
1010 903 1053 946 Ze
1073 902 1148 946 roi
1160 903 1218 945 de
1232 902 1419 946 France
1433 915 1561 958 pour·
1580 902 1779 958 Μηίον-

431 983 534 1014 ‘mer
555 971 612 1014 de
633 969 762 1014 Z’e'tat
784 971 850 1014 du
864 983 1007 1026 pays.

923 1102 1083 1149 (British
1106 1102 1300 1149 Muscam,
1321 1103 1444 1138 Addit.
1469 1103 1610 1145 Chart„
1634 1103 1683 1148 7.)

434 1195 587 1237 Petrus
599 1192 839 1249 Raymundi
854 1192 904 1234 de
916 1193 984 1234 Ra
988 1193 1202 1248 pistagno‚
1217 1192 1350 1241 miles,
1365 1193 1622 1235 senescallus
1635 1192 1781 1248 Agen-

374 1262 516 1304 nensis
536 1265 578 1303 et
596 1261 812 1304 Vasconie
826 1273 902 1316 pro
916 1260 1085 1302 domino
1107 1264 1250 1302 nostro
1270 1261 1533 1302 Francorum
1553 1273 1666 1316 rege,
1692 1260 1781 1302 dis-

375 1333 490 1371 creto
521 1329 615 1371 Viro
646 1328 913 1370 thesaurario
944 1327 1191 1384 Agennensi
1224 1327 1293 1369 vel
1324 1327 1413 1384 ejus
1449 1327 1589 1370 locum
1620 1328 1780 1369 tenenti

374 1397 569 1439 salutem.
589 1396 695 1438 Cum
711 1397 830 1438 nobis
844 1396 1000 1437 habitis
1014 1395 1313 1437 deliberatione
1326 1399 1366 1436 et
1380 1395 1554 1437 consilio
1569 1408 1663 1437 cum
1680 1409 1782 1438 con-

375 1465 548 1507 siliariis
577 1465 706 1520 regiis
735 1464 888 1505 harum
917 1464 1101 1518 partium
1133 1476 1258 1518 super
1288 1466 1473 1505 tractatu
1505 1463 1782 1505 restitutionis

374 1533 579 1575 bonorum
600 1532 818 1573 rebellium
838 1531 938 1573 hinc
958 1531 1053 1572 inde
1069 1531 1284 1586 occupatis
1299 1531 1519 1573 occasione
1541 1544 1693 1586 guerre
1710 1544 1782 1572 seu

375 1599 665 1643 commotionis
686 1599 901 1641 Vasconie
928 1612 1062 1654 nuper
1081 1598 1235 1640 tradite
1261 1599 1370 1640 inter
1390 1599 1545 1640 dictum
1567 1599 1782 1641 dominum

376 1672 566 1710 nostrum
586 1680 728 1723 regem
747 1680 802 1708 ex
826 1670 947 1721 parte
975 1680 1060 1708 una
1081 1670 1122 1707 et
1144 1667 1358 1708 dominum
1384 1680 1526 1722 regem
1547 1665 1704 1722 Anglie
1726 1680 1781 1708 ex

375 1736 511 1778 altera
529 1749 600 1777 seu
615 1736 801 1791 ipsorum
816 1738 976 1790 gentes,
995 1748 1071 1790 pro
1086 1732 1315 1776 refferendo
1329 1734 1440 1776 dicto
1455 1734 1622 1776 domino
1639 1738 1781 1776 nostro

375 1804 557 1846 Francie
582 1804 673 1859 regi
700 1806 857 1845 statum
887 1803 1023 1858 patrie
1042 1802 1308 1858 Agennensis
1336 1805 1377 1843 et
1396 1802 1610 1844 Vasconie
1639 1806 1678 1843 et
1706 1815 1783 1857 pro

376 1869 616 1913 refferendis
641 1871 770 1913 etiam
796 1870 1046 1925 quibusdam
1075 1870 1170 1912 aliis
1199 1870 1386 1925 negociis
1413 1870 1716 1925 patrimonium
1744 1873 1784 1911 et

376 1939 578 1981 honorem
606 1938 706 1980 dicti
734 1937 891 1980 domini
921 1938 1053 1980 nostri
1085 1938 1198 1993 regis
1229 1938 1523 1993 tangentibus,
1557 1936 1782 1980 discretum

375 2007 516 2048 virum
536 2006 749 2048 dominum
769 2005 1056 2048 Raimundum
1074 2004 1125 2046 de
1139 2005 1373 2055 Albenaco,
1388 2005 1530 2061 legum
1550 2004 1779 2053 doctorem,

375 2074 665 2117 consiliarium
678 2073 779 2115 dicti
793 2073 949 2115 domini
964 2073 1096 2115 nostri
1117 2073 1246 2128 Regis
1262 2073 1435 2128 ejusque
1449 2073 1650 2129 majorem
1664 2072 1783 2129 judi-

376 2155 466 2184 cem
479 2142 695 2185 Vasconie
714 2145 754 2183 et
768 2140 962 2197 Agennie
981 2140 1036 2183 ad
1057 2141 1219 2183 curiam
1240 2142 1421 2183 Francie
1441 2141 1639 2183 duximus
1653 2141 1784 2184 desti-

378 2209 581 2259 nandum,
601 2209 792 2263 idemque
811 2209 1004 2251 dominus
1025 2208 1291 2252 Raimundus
1308 2222 1404 2251 cum
1423 2209 1510 2251 suis
1528 2208 1725 2251 scutifero
1743 2212 1784 2250 et

378 2277 530 2319 clerico
547 2277 771 2332 equitibus,
792 2280 832 2318 et
849 2289 933 2318 uno
953 2276 1154 2319 salmario
1174 2277 1253 2318 iter
1272 2290 1394 2319 suum
1414 2277 1644 2332 arripuerit
1663 2279 1783 2319 sexta

377 2343 443 2386 die
473 2344 628 2386 mensis
659 2344 788 2386 madii
820 2344 1010 2399 idemque
1044 2348 1131 2387 tam
1164 2344 1300 2386 eundo
1336 2357 1463 2400 quam
1498 2344 1702 2386 morando
1739 2345 1782 2385 in

378 2413 562 2454 Francia
595 2424 671 2467 pro
700 2411 897 2467 predictis
928 2426 1057 2467 quam
1089 2412 1300 2454 redeundo
1332 2412 1445 2468 apud
1474 2412 1699 2468 Agerinum
1731 2411 1784 2453 ad

378 2493 499 2522 suam
516 2479 813 2536 judicaturam,
838 2483 885 2521 ut
910 2493 985 2523 suo
1010 2481 1190 2522 asseruit
1212 2480 1472 2537 juramento,
1496 2483 1686 2522 moratus
1704 2479 1783 2521 fuit

380 2561 511 2602 usque
533 2547 588 2589 ad
609 2551 773 2589 sextam
799 2547 907 2589 diem
934 2548 1088 2589 mensis
1114 2547 1297 2604 Augusti
1322 2547 1465 2589 eodem
1490 2560 1604 2589 anno
1633 2547 1676 2588 in
1700 2560 1782 2602 quo

379 2616 577 2671 temporis
596 2615 738 2671 spacio
753 2619 936 2669 quatuor
955 2615 1111 2671 viginti
1130 2615 1351 2658 tresdecim
1375 2614 1477 2665 dies,
1498 2615 1635 2670 prima
1656 2615 1722 2657 die
1742 2618 1783 2657 et

380 2684 529 2726 ultima
553 2683 819 2737 computatis,
849 2687 946 2725 sunt
977 2683 1148 2734 inclusi3
1180 2683 1231 2725 de
1249 2683 1400 2739 quibus
1428 2682 1564 2725 dictus
1590 2682 1784 2724 dominus

379 2750 661 2807 Raymundus
680 2750 866 2792 detraxit
891 2754 975 2792 tres
995 2750 1083 2792 dies
1107 2751 1259 2806 quibus
1278 2749 1484 2792 veniendo
1509 2750 1784 2806 prolongavit

381 2819 461 2860 iter
480 2831 602 2861 suum
620 2831 669 2861 eo
681 2818 781 2874 quia
794 2818 971 2861 accessit
990 2818 1102 2874 apud
1121 2818 1323 2861 Sanctam
1338 2817 1519 2860 Mariam
1533 2817 1584 2860 de
1598 2818 1728 2861 Podio
1743 2820 1785 2859 et
