2060 3345
224 303 327 349 1344]
594 304 800 338 RICHARDI
829 306 955 338 SCOTl
983 306 1250 339 CHRONICON.
1578 303 1621 339 63

220 386 502 442 nominatus,
525 385 600 433 die
625 384 787 432 martis
808 392 915 448 post
941 386 1239 444 Quasimodo,
1264 385 1389 450 apud
1415 391 1621 433 castrum

221 464 432 519 Gisorcii,
457 479 613 510 coram
639 479 749 526 rege
775 468 820 509 et
846 463 1149 525 optimatibus
1166 464 1265 527 ejus
1292 469 1452 510 contra
1472 462 1624 509 domi-

219 555 331 586 num
362 539 612 586 Henricum
643 538 701 586 de
727 541 874 585 Bosco
907 545 1215 602 pugnaturus,
1250 539 1422 586 bellum
1459 554 1625 602 aggre-

218 614 352 662 diens
391 615 435 661 in
472 614 625 662 duello
668 613 870 676 turpiter
908 620 979 660 est
1019 614 1247 663 devictus.
1297 617 1443 664 Causa
1485 615 1625 663 duelli

217 691 449 754 siquidem
472 691 559 738 ista
590 691 692 738 fuit.
722 690 876 738 Isdem
902 707 1103 754 namque
1128 693 1360 741 ,Iohannes
1388 693 1626 756 imposue-

218 774 289 815 rat
315 768 505 815 domino
538 768 736 816 Henrico
767 767 978 830 predicto
1006 769 1132 830 quod
1164 768 1346 816 dixerat
1383 786 1432 817 se
1464 769 1626 816 mulie-

218 861 318 892 rem
350 861 442 892 non
474 851 685 910 tangere,
718 844 848 909 cujus
875 845 993 892 velle
1031 862 1167 893 suum
1192 846 1391 893 finaliter
1426 863 1518 893 non
1544 846 1625 893 ha-

217 922 398 969 beret1.

284 1000 394 1046 456.
410 998 732 1054 —Johannes‚
753 997 848 1045 dux
868 998 1166 1056 Normannie,
1182 998 1307 1062 apud
1326 999 1620 1056 Avinionem,

217 1076 296 1123 ubi
332 1093 414 1123 rex
453 1076 616 1140 Anglie
646 1076 896 1123 convenire
923 1075 1142 1131 debebat,
1174 1076 1485 1140 proficiscitur
1517 1094 1624 1124 cum

217 1153 357 1200 nobili
380 1153 615 1200 comitiva.
641 1155 849 1216 Cumque
876 1153 956 1201 diu
981 1160 1276 1217 expectasset
1296 1160 1342 1201 et
1359 1171 1444 1201 rex
1461 1155 1625 1218 Anglie

216 1246 307 1276 non
328 1230 531 1278 venisset
556 1230 697 1277 etiam
727 1247 811 1277 nec
837 1230 1056 1287 misisset,
1081 1231 1199 1278 sicut
1224 1231 1339 1278 ierat
1359 1247 1533 1279 vacuus
1557 1231 1623 1279 sic

216 1307 426 1354 recessit.

284 1385 394 1431 457.
429 1411 493 1419 —
525 1383 721 1441 Quidam
759 1383 937 1430 nobiles
972 1383 1031 1430 de
1067 1383 1237 1431 ducatu
1271 1385 1505 1432 Britannie
1544 1385 1623 1448 qui

217 1465 379 1506 contra
400 1476 561 1524 regem
586 1459 989 1522 conspiraverant,
1019 1467 1246 1523 erantque
1274 1461 1404 1525 regni
1434 1462 1625 1508 Francie

217 1536 500 1599 proditores,
528 1553 730 1599 quorum
757 1536 843 1583 ista
867 1542 973 1583 sunt
1008 1537 1195 1584 nomina
1234 1555 1243 1584 :
1280 1538 1540 1586 Gaufredus
1566 1538 1625 1584 de

216 1612 457 1668 Malatrait‚
481 1613 714 1660 Johannes
753 1612 811 1659 de
838 1613 1079 1669 Malatrait,
1116 1614 1348 1661 Johannes
1381 1614 1438 1661 de
1472 1618 1625 1662 Monte

214 1688 410 1745 Albano,
444 1689 713 1737 Guillelmus
740 1688 797 1736 de
830 1692 970 1746 Brex,
1000 1690 1171 1737 Alanus
1194 1690 1252 1737 de
1285 1690 1464 1747 Galilac‚
1504 1695 1626 1755 Dyo-

215 1765 359 1813 nisius
383 1765 440 1812 de
464 1766 700 1829 Plesseyo,
730 1782 894 1813 omnes
927 1766 1114 1823 milites,
1138 1768 1372 1815 Johannes
1401 1768 1459 1815 de
1488 1769 1625 1816 Mala-

215 1842 340 1899 trait,
355 1843 608 1891 Guillemus
623 1843 681 1890 de
692 1846 830 1899 Brex,
848 1843 1080 1892 Johannes
1095 1843 1152 1891 de
1165 1844 1444 1902 Sevedaind,
1460 1862 1623 1892 omnes

214 1919 449 1982 armigeri,
474 1936 532 1966 ex
563 1925 786 1982 precepto
814 1920 939 1983 regis
960 1921 1205 1984 capiuntur
1234 1928 1281 1968 et
1310 1921 1356 1967 in
1377 1921 1622 1969 Castelleto

213 1995 413 2042 Parisius
438 1995 753 2053 includuntur,
786 2003 986 2060 postque
1018 1997 1063 2043 in
1090 1997 1232 2044 Hallis
1266 2014 1347 2045 seu
1371 1999 1619 2062 Campellis

213 2073 348 2120 tracti
380 2089 544 2120 omnes
588 2073 763 2136 pariter
794 2074 1083 2121 decollantur
1122 2080 1262 2138 atque
1302 2076 1435 2123 tracti
1467 2075 1622 2123 denuo

214 2148 611 2211 suspenduntur?

282 2226 440 2272 iss-b.
470 2254 534 2262 —
555 2228 666 2274 Tres
695 2225 864 2274 milites
884 2225 942 2274 de
968 2226 1138 2275 ducatu
1165 2229 1466 2287 Normannie,
1498 2230 1623 2277 Guil-

263 2393 296 2428 1.
319 2392 374 2428 La
401 2391 622 2439 Chronique
649 2391 694 2427 de
722 2391 822 2428 Jean
849 2391 894 2428 de
922 2392 1046 2438 Noyal
1076 2397 1134 2429 cst
1162 2403 1256 2429 avec
1284 2398 1393 2429 notro
1423 2398 1561 2429 auteur
1588 2394 1623 2429 la

215 2452 320 2487 seule
341 2451 405 2499 qui
427 2451 526 2487 fasse
548 2451 723 2487 mention
744 2451 788 2487 de
811 2462 854 2487 ce
881 2450 989 2493 duel;
1012 2452 1205 2498 plusieurs
1232 2452 1360 2499 pieces
1388 2453 1568 2489 relatives
1598 2452 1619 2487 ἐι

215 2516 314 2548 cette
342 2511 492 2556 affaire,
522 2511 762 2547 reeemment
788 2510 959 2556 publices
988 2522 1056 2557 par
1083 2511 1137 2548 M.
1165 2511 1214 2547 H.
1245 2512 1496 2558 Moranville,
1526 2523 1621 2548 con-

216 2570 369 2606 firment
390 2570 628 2616 pleinement
649 2570 683 2605 le
706 2569 800 2605 recit
816 2569 861 2605 de
878 2569 1049 2605 Richard
1070 2569 1208 2606 Lescot
1230 2571 1291 2612 (cs.
1309 2571 1357 2606 H.
1376 2571 1621 2615 Moranville,

216 2632 251 2664 la
275 2630 456 2664 Tfraliz'son
481 2631 522 2664 de
541 2631 633 2665 ,leem
652 2630 694 2664 cle
722 2630 879 2664 Vorvms.
910 2630 1000 2664 Bibe.
1029 2630 1071 2664 (le
1099 2621 1227 2666 L'Ecole
1253 2632 1312 2666 (les
1338 2632 1492 2675 charles,
1516 2630 1621 2675 «1592,

217 2698 253 2733 p.
277 2688 459 2733 605-(311).

263 2747 296 2783 ί2.
319 2747 373 2782 Cf.
399 2747 603 2793 Froissart,
626 2747 715 2784 e'dit.
742 2747 857 2793 Luco,
881 2753 983 2783 tome
1011 2748 1076 2793 ΙΙΙ,
1100 2760 1135 2795 p.
1160 2761 1195 2794 x,
1219 2760 1256 2784 n.
1282 2750 1313 2783 1.
