2060 3345
327 318 392 355 138
561 322 770 355 ΒΙΟΗΑΒΙΠ
797 320 924 354 SCOTI
951 319 1157 353 CHRONICI
1184 319 1491 353 GONTINUATIO.
1614 319 1717 365 [1359

323 419 407 450 nec
446 403 691 466 regnicolis
731 406 926 464 propter
962 400 1050 447 hoc
1092 400 1293 448 evocatis
1332 405 1528 463 propter
1561 402 1718 466 Angli-

322 496 483 527 corum
510 480 755 543 petitiones
777 477 1054 532 excessivas‚
1083 477 1191 540 quia
1216 493 1320 525 cum
1347 483 1547 540 quatuor
1571 479 1718 526 milio-

322 556 458 603 nibus
474 554 572 602 auri
589 554 856 601 uberiorem
873 559 919 600 et
932 552 1181 600 maximam
1198 559 1380 616 partem
1396 553 1526 616 regni
1544 553 1718 617 absque

323 630 637 694 recognitione
657 629 911 693 superioris
928 629 1183 691 poscebant
1203 646 1370 691 neque,
1389 629 1557 677 infecto
1578 646 1719 693 nego-

322 708 401 763 tio,
427 706 620 753 nuncios
635 706 930 754 remiserant.
953 709 1010 752 Et
1026 705 1151 768 quia,
1173 706 1327 753 audita
1345 705 1545 769 repulsa,
1566 706 1720 769 ipsum

321 798 479 846 regem
521 782 683 846 Anglie
725 799 751 829 a
795 781 1082 845 displicentia
1123 781 1180 828 ad
1223 782 1474 829 vindictam
1518 799 1720 845 propere

319 858 694 922 processurum&
715 858 773 905 ad
792 858 1034 906 tuitionem
1053 858 1182 922 regni
1200 858 1378 905 nobiles
1403 858 1590 905 domino
1614 858 1720 906 duci

320 951 404 998 per
412 935 863 999 mensemintegrum
878 935 1120 982 servitium
1133 934 1309 997 absque
1327 935 1568 997 stipendiis
1584 935 1720 982 obtu-

319 1012 487 1066 lerunt,
511 1011 597 1057 viri
626 1011 922 1059 ecclesiastici
942 1016 987 1058 et
1007 1011 1267 1075 burgenses
1295 1011 1614 1074 impositiones
1636 1028 1721 1075 per

319 1093 468 1134 totum
489 1102 686 1150 regnum
711 1087 920 1133 omnium
939 1102 1098 1133 rerum
1117 1086 1348 1133 venalium
1368 1086 1583 1133 videlicet
1608 1103 1722 1149 qua-

319 1170 424 1211 tuor
444 1162 660 1209 denarios
678 1179 765 1225 pro
785 1163 900 1209 libra
924 1162 1075 1226 colligi
1095 1166 1440 1209 concesserunt.
1466 1161 1548 1219 Qui
1567 1168 1721 1208 autem

318 1241 363 1287 in
390 1239 715 1286 vicecomitatu
739 1239 986 1286 Parisiensi
1014 1239 1317 1285 morabantur
1342 1238 1449 1286 duci
1476 1243 1721 1285 sexcentos

320 1316 514 1380 pugiles,
546 1315 807 1362 balistarios
828 1315 1107 1379 quingentos
1132 1330 1238 1361 cum
1263 1314 1385 1360 mille
1412 1313 1722 1361 servientibus

320 1393 433 1439 levis
469 1397 703 1439 armature
737 1391 928 1437 armatis
969 1390 1047 1452 qui
1078 1395 1189 1437 tunc
1225 1391 1454 1453 brigantes
1493 1390 1722 1438 vocaban-

320 1475 396 1515 tur
415 1467 618 1531 propriis
644 1466 908 1529 sumptibus
936 1466 1254 1529 promiserunt
1282 1483 1431 1528 usque
1460 1466 1518 1513 ad
1550 1481 1722 1513 annum

321 1545 636 1606 sequentem2.
674 1543 759 1591 Alii
793 1548 948 1590 autem
979 1543 1057 1606 qui
1095 1543 1273 1590 evocati
1308 1543 1494 1590 fuerant
1527 1559 1722 1606 respon-

320 1620 490 1667 derunt
530 1618 656 1682 quod
695 1635 836 1682 super
871 1619 959 1665 hiis
992 1634 1100 1666 cum
1140 1619 1461 1682 compatriotis
1500 1619 1722 1666 haberent

319 1696 562 1759 colloquia,
586 1711 749 1742 omnes
774 1700 929 1742 autem
947 1695 1039 1751 alii,
1064 1695 1322 1758 specialiter
1339 1696 1397 1743 de
1422 1695 1577 1759 lingua
1603 1695 1722 1742 occi-

319 1779 442 1829 tana,
467 1772 575 1835 quia
595 1789 620 1818 a
640 1771 906 1819 domesticis
923 1776 968 1818 et
987 1771 1198 1819 hostibus
1218 1771 1534 1818 indifferenter
1553 1771 1720 1834 depre-

320 1850 508 1905 dantur,
538 1864 677 1911 quem
703 1848 1016 1911 promiserant
1038 1864 1287 1895 numerum
1313 1848 1589 1896 bellatorum
1615 1848 1721 1894 mit-

321 1931 418 1972 tere
438 1941 530 1972 non
551 1929 823 1987 potuerunt.
846 1923 926 1970 Die
944 1930 1113 1972 XXV1110
1134 1923 1309 1970 mensis
1321 1924 1483 1988 junii3‚
1504 1923 1722 1971 dominus

320 2001 416 2048 dux
442 2001 625 2064 publice
657 1999 974 2063 pronuntiavit
1009 1999 1136 2062 quod
1170 2000 1342 2047 invitus
1367 2006 1413 2047 et
1435 2016 1521 2063 per
1546 2000 1723 2063 impor-

317 2076 561 2124 tunitatem
581 2075 878 2139 proditorum
891 2076 970 2138 qui
985 2076 1139 2122 'villam
1152 2076 1458 2123 parisiensem
1474 2081 1717 2131 rexerant,

320 2167 419 2200 XXII
437 2168 662 2215 personas
676 2151 890 2215 superius
910 2152 1168 2199 nominatas
1191 2151 1249 2199 de
1270 2152 1411 2199 domo
1433 2151 1560 2215 regia
1576 2168 1723 2215 expu-

321 2230 436 2276 lerat
460 2235 506 2276 et
530 2229 636 2276 ideo
656 2228 755 2276 illas
772 2230 1023 2292 personas4
1040 2228 1336 2276 revocatione
1355 2228 1549 2292 dignum
1569 2228 1718 2275 duvit.

369 2376 403 2411 1.
425 2374 490 2411 Un
510 2379 591 2410 mot
611 2384 633 2409 a
653 2373 703 2410 du
725 2374 804 2411 &tre
825 2374 923 2410 omis
943 2374 993 2411 ici
1014 2374 1108 2411 dans
1129 2375 1164 2410 le
1181 2374 1408 2410 manuscrit.

366 2433 402 2469 2.
426 2432 498 2469 Ces
530 2432 684 2469 chiffres
717 2432 894 2469 different
927 2444 976 2469 en
1014 2433 1137 2480 partie
1169 2433 1214 2469 de
1252 2443 1350 2470 ceux
1381 2432 1528 2469 donnes
1563 2443 1631 2479 par
1666 2433 1720 2468 les

322 2492 483 2528 Grandes
504 2492 727 2536 Chroniques
749 2492 787 2533 (t.
811 2491 881 2538 VI,
902 2503 937 2538 p.
962 2492 1038 2536 155)
1062 2505 1069 2527 z
1095 2504 1110 2526 «
1134 2492 1189 2528 La
1208 2492 1297 2528 ville
1318 2491 1363 2528 de
1384 2491 1493 2527 Paris
1514 2495 1551 2527 et
1571 2491 1721 2527 viscon-

321 2551 380 2586 teis
401 2549 575 2586 offrirent
596 2550 655 2585 six
671 2560 763 2586 cens
778 2550 935 2597 glaives,
951 2550 1044 2586 trois
1065 2561 1156 2587 cens
1177 2550 1348 2587 archiers
1367 2555 1405 2586 et
1424 2550 1495 2585 mil
1514 2550 1683 2596 hrigans.
1703 2564 1719 2583 »

369 2609 403 2646 3.
426 2608 556 2645 L’acte
576 2620 644 2655 par
663 2608 788 2656 lequel
808 2609 842 2645 le
870 2609 1039 2656 dauphin
1070 2609 1272 2646 rehabilita
1300 2610 1354 2646 les
1383 2608 1615 2656 vingt-deux
1634 2619 1720 2655 per-

323 2679 465 2704 sonnes
486 2667 692 2704 destituees
714 2667 759 2704 de
780 2668 883 2704 leurs
914 2669 1106 2705 fonctions
1133 2680 1182 2705 en
1203 2669 1291 2705 1357
1313 2674 1371 2704 est
1391 2668 1440 2703 du
1468 2668 1511 2704 ‘28
1532 2668 1609 2703 mai
1631 2668 1720 2704 1359

325 2726 385 2771 (cf.
404 2728 564 2763 Grandes
577 2726 813 2772 Chroniques‚
827 2732 857 2763 t.
869 2727 938 2773 VI,
951 2739 987 2774 p.
1003 2728 1081 2763 154.
1092 2727 1266 2764 —Arch.
1281 2732 1378 2773 nat.‚
1390 2726 1719 2772 X⁴2114,f01.447).

373 2786 407 2821 4.
431 2785 503 2820 Ms.
528 2796 679 2831 nequas.
