2060 3345
369 297 434 332 1⁶28
601 299 804 331 RICHARDI
832 298 957 330 SCOTI
986 297 1192 329 CIIRONICI
1220 297 1525 330 CONTINUATIO.
1653 297 1756 343 [1358

363 380 473 426 lium
504 378 781 425 parisienses
816 377 1027 423 evocavit
1061 382 1292 424 trecentos
1328 393 1520 424 numero
1553 378 1631 440 qui
1669 379 1755 427 sub

362 455 529 502 vexillo
555 453 792 516 cujusdam
818 452 1064 515 apotecarii
1091 452 1239 516 Egidii
1266 453 1451 500 nomine
1478 454 1751 502 militabant.

360 530 443 586 Qui
462 529 698 575 venientes
717 533 762 573 et
779 543 937 574 secum
950 527 1233 575 adducentes
1251 533 1483 575 trecentos
1503 529 1616 576 alios
1637 547 1755 592 quos

359 604 481 667 apud
524 603 827 650 Toulliacum1
869 603 926 650 ad
968 604 1185 651 auxilium
1226 604 1467 651 ferendum
1508 612 1749 667 ceperunt,

359 697 464 727 cum
504 678 754 726 honorifice
788 679 961 742 recepti
1006 680 1199 727 fuissent
1240 687 1285 727 et
1319 680 1558 743 dapsiliter
1589 682 1752 738 curati,

358 772 464 802 curn
490 771 619 802 mero
642 755 954 809 incaluissent,
979 761 1235 803 mercatum
1265 757 1367 803 ville
1394 757 1755 820 inexpugnabile

358 838 402 878 et
419 831 560 878 ssuvio
582 834 785 878 Materne
809 832 1145 879 circumdatum
1165 832 1467 880 obsederunt.
1490 833 1620 890 Quod
1645 850 1755 896 egre

357 908 557 954 ferentes
575 907 741 955 milites
759 908 882 955 intus
899 914 1139 955 manentes
1154 915 1199 955 et
1214 908 1271 955 ad
1289 909 1546 956 custodiam
1567 909 1754 955 domine

356 983 535 1030 ducisse
555 984 779 1046 deputati,
804 991 1026 1031 exeuntes
1046 990 1091 1031 et
1110 990 1347 1047 tamquam
1369 984 1518 1031 edocti
1546 985 1591 1030 in
1612 985 1754 1031 armis

356 1059 537 1106 fortiter
569 1059 857 1116 dimicantes,
895 1061 1086 1107 victoria
1112 1067 1221 1107 sunt
1253 1061 1405 1123 potiti,
1441 1061 1570 1123 prius
1596 1067 1751 1108 tamen

356 1134 544 1180 domino
570 1134 804 1181 Ludovico
834 1134 892 1181 de
927 1135 1263 1191 Chambeliaco,
1294 1135 1455 1189 milite,
1489 1136 1748 1183 interfecto.

355 1210 482 1266 Inde,
519 1209 621 1256 villa
656 1228 680 1256 a
710 1210 962 1258 victoribus
994 1211 1236 1258 combusta
1274 1227 1379 1258 cum
1418 1228 1583 1275 magna
1620 1217 1752 1274 parte

356 1286 543 1333 ecclesie
565 1285 858 1343 cathedralis,
882 1303 967 1349 per
994 1286 1283 1349 adjacentem
1305 1287 1501 1350 patriam
1527 1287 1754 1335 hostiliter

355 1362 666 1426 peragrando,
696 1363 812 1410 duce
838 1363 971 1410 Bleso
997 1363 1055 1410 de
1076 1362 1276 1413 Violanis
1292 1363 1326 1420 2,
1352 1363 1584 1410 civitatem
1612 1364 1755 1411 Silva-

355 1445 591 1485 netensem
608 1445 953 1502 temptaverunt
973 1439 1149 1486 viribus
1168 1456 1412 1502 occupare.
1435 1441 1580 1496 Quam
1600 1439 1756 1504 ingre-

354 1515 531 1562 dientes
554 1515 699 1562 libere
726 1515 833 1578 quia
860 1515 985 1562 cives
1004 1516 1062 1563 ad
1089 1516 1314 1562 cantelam
1342 1522 1524 1578 portam
1544 1522 1751 1579 apertam

354 1591 684 1653 relinquerant,
703 1608 808 1638 cum
822 1591 878 1638 ad
895 1592 1089 1654 predam
1103 1592 1193 1639 huc
1207 1592 1405 1655 illucque
1417 1592 1749 1648 discurrerent,

353 1666 484 1713 multi
507 1684 669 1714 eorum
691 1667 749 1714 ab
770 1668 901 1730 aquis
927 1667 1224 1715 bullientibus
1246 1675 1292 1715 et
1312 1668 1510 1732 ingentis
1530 1668 1752 1732 ponderis

353 1741 584 1803 lapidibus
621 1758 706 1803 per
738 1742 961 1789 fenestras
994 1743 1309 1806 hospiciorum
1344 1744 1560 1807 projectis
1592 1744 1747 1800 occisi,

353 1817 515 1879 reliqui
553 1834 579 1863 a
614 1816 850 1863 viollencia
881 1817 1174 1881 cadrigarum
1201 1837 1226 1865 a
1258 1834 1441 1865 summo
1471 1818 1573 1864 ville
1604 1835 1752 1880 usque

353 1893 574 1940 deorsum
615 1893 889 1940 emissarum
933 1893 1159 1941 violenter
1202 1899 1248 1941 et
1291 1894 1598 1959 ignominiose
1644 1900 1751 1941 sunt

353 1968 544 2032 repulsi.

417 2049 528 2097 283.
549 2077 612 2085 —
633 2049 839 2106 Interim,
864 2049 977 2097 dum
996 2051 1081 2097 hec
1097 2056 1316 2114 aguntur,
1340 2051 1606 2114 prepositus
1627 2051 1752 2099 Pari-

400 2226 432 2261 1.
450 2224 562 2272 Cilly,
578 2225 723 2272 d'apres
739 2225 792 2262 les
808 2226 968 2262 Grandes
983 2227 1205 2270 Chroniques
1223 2227 1261 2272 (t.
1282 2226 1345 2272 VI,
1359 2238 1393 2273 p.
1412 2227 1503 2271 113).
1516 2247 1562 2253 —
1579 2226 1625 2261 Μ.
1645 2227 1750 2263 Luce

353 2285 523 2324 (Histoire
543 2285 583 2319 de
606 2286 640 2319 la
658 2286 859 2328 Jaequerie,
883 2295 917 2330 p.
941 2284 1023 2324 239)
1045 2295 1066 2319 a
1086 2284 1214 2330 publi&
1244 2296 1296 2319 un
1327 2285 1431 2320 arret
1458 2284 1506 2319 du
1535 2285 1750 2331 parlement

352 2343 398 2378 de
416 2343 521 2378 Paris
544 2342 663 2378 rendu
678 2343 699 2377 a
714 2343 750 2377 la
766 2343 919 2389 requete
935 2342 979 2377 (le
997 2343 1124 2378 pierre
1140 2343 1388 2389 d’Orgemont
1404 2349 1536 2380 contre
1557 2343 1749 2390 plusieurs

353 2401 548 2437 habitants
569 2401 614 2437 de
636 2401 835 2437 Gonnesse
857 2401 935 2448 qui,
958 2402 1045 2436 unis
1066 2413 1142 2437 aux
1164 2401 1358 2438 Parisiens
1378 2403 1547 2448 envoyes
1568 2402 1589 2436 a
1611 2403 1751 2438 Meaux

352 2470 420 2505 par
439 2449 601 2494 Etienne
623 2459 782 2503 Marcel,
804 2459 957 2495 avaient
977 2460 1064 2506 pille
1086 2460 1122 2495 la
1142 2461 1292 2496 maison
1313 2472 1385 2507 que
1408 2461 1441 2496 le
1463 2461 1565 2496 futur
1586 2462 1751 2497 chance-

354 2518 423 2553 lier
443 2517 487 2552 de
509 2517 666 2553 Charles
684 2517 716 2551 V
731 2517 920 2563 possedait
941 2518 1036 2553 dans
1057 2529 1098 2554 ce
1120 2518 1270 2565 village.
1287 2518 1394 2564 Voir,
1417 2530 1482 2554 sur
1504 2524 1602 2555 cette
1624 2520 1749 2555 meme

353 2574 499 2620 affaire,
520 2574 639 2610 Arch.
664 2580 757 2619 nat.,
782 2575 854 2609 Χ13
872 2575 927 2620 14,
951 2575 1012 2611 sol.
1037 2576 1103 2611 345
1126 2582 1162 2611 et
1184 2576 1264 2611 449.

400 2637 434 2672 2.
458 2637 510 2671 Le
532 2636 813 2673 Continuateur
832 2637 876 2673 de
897 2637 1116 2673 Guillaume
1137 2637 1182 2673 de
1202 2637 1363 2684 Nangis‚
1385 2637 1449 2684 qui
1471 2643 1627 2674 raconte
1657 2649 1749 2675 avec

354 2695 438 2741 plus
470 2695 515 2730 de
548 2695 682 2731 details
715 2706 786 2742 que
820 2701 927 2731 notre
960 2701 1096 2732 auteur
1129 2702 1227 2732 cette
1267 2696 1449 2733 tentative
1488 2697 1748 2733 infructueuse

354 2759 485 2789 contre
508 2753 647 2799 Senlis‚
664 2764 711 2789 ne
728 2754 832 2800 parle
853 2765 919 2800 pas
934 2754 981 2790 du
1002 2755 1078 2791 rOle
1095 2754 1185 2802 joue'
1205 2766 1272 2801 par
1286 2754 1337 2790 Le
1354 2755 1483 2802 Begue
1498 2755 1543 2791 de
1561 2756 1747 2792 Villaines

354 2823 402 2848 en
423 2818 522 2849 cette
544 2812 821 2850 circonstance.
