2060 3345
272 310 372 355 1350]
495 312 700 345 RICHARDI
729 311 854 342 SCOTI
883 311 1090 342 CllRONlCl
1118 310 1425 342 CONTINUATIO.
1620 307 1660 341 &7

266 392 501 455 quondam
525 391 649 455 regis
668 390 855 437 Boemie
882 395 928 436 et
949 406 1068 436 uxor
1093 389 1269 436 domini
1289 388 1511 437 iohannis
1537 388 1667 435 ducis

266 468 543 516 Normannie
557 484 614 514 ex
631 483 725 529 quo
743 473 965 530 genuerat
979 466 1218 523 Karolum,
1236 466 1456 513 delfinum
1471 464 1663 521 vienne,

265 545 569 600 Ludovicum,
591 548 613 591 J
618 544 848 590 ohannem
866 548 911 589 et
927 542 1190 606 Philippum
1207 549 1252 589 et
1269 549 1365 589 tres
1382 542 1497 588 filias
1515 541 1668 604 sepul-

264 628 403 684 taque
435 621 519 668 fuit
551 620 675 684 apud
700 619 1085 667 Malam-Dumam
1119 619 1221 682 (sie)
1258 635 1406 682 prope
1438 618 1669 666 Pontissa-

264 698 412 745 ram1.

329 774 441 823 204.
471 801 534 808 —
553 772 747 820 Domina
774 772 914 819 etiam
934 772 1140 820 Johanna
1161 771 1218 818 de
1238 771 1523 836 Burgundia,
1551 788 1671 820 uxor

264 850 460 913 Philippi
476 849 599 913 regis
615 849 821 903 Franoie‚
845 849 1077 895 deffuncta
1098 854 1185 903 est,
1207 854 1252 894 et
1272 849 1315 894 in
1337 849 1526 896 ecclesia
1550 849 1671 896 beati

263 927 464 990 Dyonisii
507 926 749 981 tumulata,
796 931 1046 988 postquam
1081 926 1319 988 Philippus
1354 942 1438 972 rex
1474 942 1671 973 uxorem

263 1003 396 1050 duxit
429 1002 665 1050 dominam
698 1002 963 1058 Blanoham,
995 1017 1207 1048 sororem
1239 1002 1394 1048 Karoli
1430 1002 1555 1066 regis
1586 1005 1672 1048 Na—

264 1083 449 1126 varre2.

328 1156 440 1204 205.
470 1185 534 1192 -
559 1158 723 1204 Comes
754 1156 869 1203 Fuxi
902 1155 1037 1203 aliam
1071 1171 1281 1202 sororem
1314 1155 1438 1218 regis
1468 1159 1672 1202 Navarre

263 1233 582 1296 desponsavit.

329 1310 441 1357 206.
480 1336 542 1344 -—
577 1308 800 1356 Dominus
833 1308 1083 1363 Johannes,
1120 1307 1215 1354 dux
1251 1307 1546 1364 Normannie‚
1579 1308 1674 1370 pri-

263 1385 527 1448 mogenitus
562 1386 685 1449 regis
720 1385 908 1431 Franoie
939 1384 1155 1447 Philippi,
1193 1384 1444 1431 secundam
1477 1401 1673 1432 uxorem

263 1461 397 1509 duxit
421 1462 636 1509 videlicet
663 1461 899 1508 dominam
924 1461 1199 1517 Johannam,
1224 1461 1507 1508 comitissam
1539 1462 1673 1509 Bolo-

264 1538 355 1595 nie,
383 1538 441 1586 de
466 1555 557 1601 qua
582 1542 737 1585 tamen
765 1538 915 1585 nullos
941 1537 1113 1584 liberos
1140 1537 1344 1584 habuitss.

842 1657 882 1702 M
911 1656 1012 1702 CCC
1039 1658 1088 1702 L.

327 1756 440 1804 207.
486 1783 549 1790 —
589 1756 722 1801 Anno
767 1755 949 1801 Domini
992 1755 1043 1801 M⁰
1079 1761 1186 1803 CCC⁰
1224 1761 1289 1811 L0,
1338 1755 1675 1820 indulgentiam

262 1847 478 1895 magnam
500 1835 647 1879 Rome
673 1848 764 1893 que
790 1831 849 1878 de
875 1837 1061 1878 centum
1087 1832 1218 1879 annis
1243 1832 1287 1878 in
1315 1838 1502 1880 centum
1529 1851 1675 1881 annos

262 1907 462 1954 habebat
483 1924 670 1955 cursum
693 1925 828 1956 suum
851 1908 1071 1956 dominus
1092 1925 1210 1972 papa
1232 1909 1443 1957 Clemens
1461 1910 1520 1956 ad
1539 1911 1675 1973 quin-

262 1985 482 2048 quaginta
509 2001 654 2032 annos
680 1985 906 2032 reducere
933 1986 1128 2050 dignum
1154 1985 1287 2033 duxit
1315 1986 1373 2033 ad
1400 1987 1674 2049 petitionem

261 2064 580 2109 Romanorum
600 2061 707 2124 quia
727 2061 828 2109 dies
849 2062 1092 2110 hominum
1119 2063 1361 2110 breviores
1385 2063 1523 2111 solito
1544 2064 1674 2112 vide-

263 2138 451 2185 bantur.

311 2255 343 2289 1.
366 2253 527 2300 D'apres
542 2253 596 2288 les
614 2254 777 2290 Grandes
794 2254 1031 2299 Chroniques,
1054 2254 1202 2300 Bonne,
1219 2254 1409 2291 duchesse
1424 2255 1469 2291 (16
1485 2256 1674 2292 Normun-

263 2312 336 2358 (lie,
353 2318 508 2348 mourut
531 2313 564 2348 le
582 2313 618 2347 11
639 2314 730 2348 amit
746 2313 835 2349 1349
857 2316 894 2348 et
915 2313 970 2348 fut
991 2313 1165 2349 enterree
1182 2314 1203 2348 it
1221 2314 1391 2361 l’abbaye
1413 2314 1458 2351 de
1480 2315 1674 2351 Maubnis—

265 2384 348 2418 son,
370 2373 456 2418 pres
479 2372 661 2408 Pontoise
685 2374 724 2417 (t.
746 2372 794 2417 V,
819 2384 854 2418 p.
877 2373 972 2415 490).

310 2431 344 2466 ⁶2.
367 2430 532 2475 Jeanne‚
561 2430 637 2465 fille
665 2429 710 2466 de
743 2430 888 2466 Roliert
919 2430 970 2476 II,
998 2429 1071 2466 duo
1103 2430 1148 2467 (16
1179 2432 1425 2479 Bourgogno,
1454 2439 1610 2469 mourut
1643 2435 1674 2469 lo

265 2489 308 2524 42
337 2488 539 2524 decembre
568 2489 672 2535 1349,
693 2489 841 2535 d'apros
873 2489 927 2524 les
957 2490 1118 2525 Grandes
1148 2491 1373 2536 Chroniques
1394 2497 1435 2533 (t.
1460 2493 1509 2537 V,
1533 2504 1567 2539 p.
1597 2494 1669 2534 00).

265 2545 420 2592 D'ttpres
442 2546 475 2581 lo
497 2546 622 2582 meme
644 2547 903 2593 temoignage,
921 2547 952 2581 lo
973 2557 1149 2583 nouveau
1171 2549 1342 2595 mariage
1363 2549 1409 2584 (lo
1428 2550 1601 2596 Philippo
1620 2551 1672 2586 VI

264 2610 328 2639 out
349 2604 427 2640 lieu
449 2605 482 2640 le
504 2605 547 2641 29
565 2605 719 2652 J'anvier
741 2606 832 2642 1350
852 2609 892 2648 (t.
918 2606 965 2650 V,
987 2617 1023 2652 p.
1046 2607 1141 2649 491).

312 2663 346 2699 3.
367 2664 482 2710 Jean,
504 2664 576 2701 (luc
597 2664 642 2700 de
664 2664 913 2711 Normamho,
937 2676 977 2701 se
1000 2666 1164 2702 remaria
1184 2666 1206 2702 a
1225 2667 1391 2713 Jeanno,
1414 2672 1603 2703 comtosso
1625 2668 1669 2705 de

266 2722 481 2769 Boulogne,
503 2724 537 2759 le
555 2723 678 2760 mardi
693 2726 713 2757 §i
729 2724 867 2760 ffivrier
889 2725 992 2770 1350,
1015 2724 1163 2771 ‹l’apres
1186 2726 1238 2761 los
1259 2728 1421 2764 Grandes
1446 2729 1669 2772 alm-ommes

268 2782 308 2825 (t.
334 2781 381 2825 V,
401 2793 436 2828 p.
460 2782 555 2828 492).
