2060 3345
433 359 478 395 46
812 358 1017 392 RICHARDI
1044 357 1169 389 SCOTl
1198 355 1463 388 CHRONICON.
1729 352 1834 399 [1338

434 454 590 486 comes
609 436 869 491 Alenconis‚
887 435 1030 481 frater
1049 433 1172 497 regis
1189 433 1395 491 Francie,
1422 448 1527 480 cum
1553 433 1833 495 quibusdam

433 513 726 578 magnatibus
762 511 898 575 hujus
938 510 1089 574 regni,
1129 525 1290 573 regem
1325 509 1486 573 Anglie
1526 524 1632 555 cum
1666 524 1836 572 magno

433 590 640 637 exercitu
672 589 717 634 in
746 586 985 635 Franciam
1011 586 1128 633 velle
1163 585 1447 633 descendere
1475 589 1522 632 et
1552 584 1676 647 apud
1702 584 1837 632 Bolo-

435 667 558 713 niam
577 665 828 728 applicare,
850 663 938 710 sibi
963 668 1178 726 putantes
1202 678 1448 710 occurrere
1469 677 1575 708 cum
1601 678 1685 708 suo
1702 677 1838 707 exer-

433 743 524 790 citu
546 745 871 805 perrexerunt,
902 740 984 787 sed
1005 740 1113 802 quia
1134 755 1226 786 non
1248 738 1509 801 comparuit
1534 753 1685 800 neque
1711 736 1838 783 venit

433 818 491 865 ad
521 816 715 881 propria
740 833 834 864 non
864 815 1100 864 immerito
1126 815 1259 863 vacui
1295 820 1402 862 sunt
1433 814 1627 862 reversi.
1661 812 1838 877 Anglici

433 900 587 940 tamen
610 892 736 956 apud
756 892 963 940 Sclusam
979 892 1025 938 in
1044 891 1308 939 Flandriam
1327 907 1434 938 cum
1457 889 1693 938 sexdecim
1710 888 1839 936 navi-

432 971 520 1018 bus
545 970 842 1033 appulerunt.
870 969 955 1027 Qui
990 968 1145 1032 primo
1181 968 1306 1031 passi
1344 968 1581 1030 repulsam
1618 982 1762 1029 seque
1792 966 1839 1012 in

432 1046 548 1094 mari
566 1047 737 1093 iterum
756 1046 1065 1103 retrahentes,
1086 1045 1292 1092 tamdem
1309 1044 1581 1092 bastardum
1598 1042 1834 1098 Flandrie‚

432 1123 627 1170 fratrem
653 1121 836 1169 comitis
861 1121 1091 1178 Flandrie,
1121 1121 1363 1168 custodem
1388 1126 1554 1184 portus
1586 1120 1768 1166 incaute
1793 1123 1840 1164 et

432 1199 670 1262 pueriliter
696 1215 745 1245 se
771 1204 1017 1262 gerentem
1042 1198 1247 1261 capiunt,
1274 1197 1332 1244 de
1359 1197 1456 1245 suis
1474 1213 1588 1244 vero
1615 1212 1758 1259 quam
1780 1195 1839 1241 de

432 1275 678 1339 Flamingis
714 1274 927 1338 pluribus
963 1273 1237 1330 interfectis,
1272 1273 1428 1336 ipsum
1468 1273 1513 1320 in
1550 1271 1838 1320 Hollandiam

431 1352 729 1399 deduxerunt
739 1351 752 1380 1
764 1387 774 1398 .

499 1431 515 1474 ‘l
533 1432 548 1475 4
564 1429 663 1475 ss-d.
680 1455 743 1464 —--
757 1427 953 1485 Quidam
971 1426 1058 1474 sub
1072 1426 1232 1474 habitu
1250 1425 1487 1490 religionis
1508 1426 1554 1472 in
1572 1425 1697 1473 curia
1715 1425 1839 1490 regis

432 1511 676 1561 venerunt,
698 1503 778 1567 qui
795 1519 958 1568 regem
984 1519 1091 1551 cum
1116 1509 1211 1550 tota
1232 1503 1359 1551 curia
1384 1502 1694 1566 impotionare
1713 1501 1840 1550 vole-

430 1581 558 1638 bant,
580 1581 660 1644 qui
680 1580 802 1644 capti
824 1596 878 1627 ac
897 1579 1177 1644 deprehensi
1204 1579 1317 1644 quid
1339 1579 1397 1627 de
1420 1579 1486 1627 eis
1507 1579 1681 1626 factum
1703 1577 1841 1626 fuerit

434 1658 695 1722 ignoratur.

499 1737 610 1782 447.
640 1762 704 1770 —
728 1733 924 1792 Quidam
952 1732 1260 1781 Flandrenses
1286 1732 1487 1780 maxime
1513 1732 1840 1782 Gandavenses

432 1811 519 1858 nisi
556 1817 663 1859 sunt
701 1816 863 1858 contra
897 1826 1062 1874 regem
1097 1810 1287 1857 Francie
1322 1826 1581 1873 eorumque
1619 1809 1840 1857 comitem

431 1886 675 1944 rebellare,
700 1886 781 1934 sed
810 1885 1198 1933 excommunicati
1224 1886 1498 1933 auctoritate
1526 1885 1694 1933 summi
1721 1888 1840 1933 Pon-

430 1963 564 2009 tificis
594 1979 679 2027 per
705 1962 980 2026 episcopum
1011 1962 1328 2009 Silvanensem
1359 1968 1405 2009 et
1437 1961 1659 2010 abbatem
1693 1962 1837 2009 sancti

429 2038 630 2102 Dyonisii
658 2038 962 2101 Guydonem2
986 2055 1013 2084 a
1038 2053 1121 2085 sua
1147 2038 1327 2085 malicia
1353 2042 1463 2085 sunt
1488 2038 1711 2101 repressi.

929 2164 970 2208 M
988 2162 1088 2209 CCC
1102 2163 1342 2211 XXXVIII.

498 2262 655 2308 448-3.
679 2287 742 2295 —
759 2261 891 2308 Anno
911 2259 1094 2307 Domini
1110 2267 1163 2307 ΜΟ
1180 2266 1284 2309 ccc⁰
1302 2265 1522 2318 xxxvn1⁰‚
1543 2276 1630 2307 rex
1649 2260 1831 2325 Anglie5

432 2353 628 2384 uxorem
659 2352 808 2394 suam,
845 2352 1057 2383 sororem
1088 2337 1271 2384 comitis
1307 2338 1515 2386 Hanonie
1552 2343 1836 2402 neptemque

481 2474 512 2508 1.
536 2471 588 2508 Ce
609 2471 704 2508 recit
724 2476 783 2508 est
802 2471 1000 2519 beaucoup
1021 2472 1105 2519 plus
1126 2472 1333 2520 developpe
1354 2472 1449 2509 dans
1471 2472 1526 2508 les
1549 2473 1711 2509 Grandes
1727 2473 1836 2509 Chro-

432 2534 559 2577 m‘ques
577 2535 618 2579 (t.
642 2531 692 2577 V,
713 2542 748 2577 p.
771 2531 958 2573 370-373).

478 2590 511 2626 2.
539 2603 553 2623 (ι
574 2590 647 2625 Per
661 2589 883 2636 episcopum
900 2590 1234 2627 Silvanectensem
1255 2601 1300 2627 ac
1320 2590 1498 2627 abbatem
1515 2590 1650 2627 Sancti
1667 2589 1837 2637 Remigii

431 2646 790 2685 excommunicati»
811 2647 976 2694 (Contin.
1000 2648 1045 2683 de
1066 2648 1288 2684 Guillaume
1308 2648 1354 2684 de
1375 2647 1539 2694 Nangis,
1562 2653 1590 2683 t.
1611 2647 1664 2693 ΙΙ,
1682 2659 1716 2693 p.
1735 2648 1834 2693 159);

432 2726 478 2733 —
501 2719 515 2739 α
538 2711 576 2742 et
595 2718 619 2754 y
639 2705 766 2742 furent
793 2705 965 2752 envoie's,
993 2705 1039 2742 de
1065 2718 1133 2753 par
1164 2706 1199 2743 le
1228 2718 1312 2754 roy,
1338 2706 1529 2753 l’evesque
1563 2706 1608 2742 de
1641 2705 1769 2741 Senlis
1801 2710 1839 2741 et

434 2765 555 2802 l’abbc
585 2765 629 2802 de
661 2764 931 2811 Saint-Denis,
960 2765 1046 2812 Guy
1075 2765 1121 2802 de
1152 2766 1332 2802 Chartres
1355 2779 1370 2800 »
1394 2765 1567 2812 (Grandes
1599 2766 1836 2810 Chroniques,

437 2830 464 2861 t.
490 2825 538 2870 V,
560 2836 596 2871 p.
622 2825 715 2871 373).
