2060 3345
240 303 344 349 4360]
466 308 671 341 RICHARDI
700 308 826 340 SCOTI
855 308 1062 340 CHRONICI
1090 307 1398 341 CONTINUATIO.
1572 303 1636 338 147

238 384 372 431 donis
400 389 447 432 et
477 385 695 432 dominus
730 384 789 431 de
823 385 1099 432 Tousteville
1134 402 1240 432 cum
1274 383 1506 432 nonnullis
1540 384 1640 430 aliis

237 460 403 507 inclitis
430 465 475 507 et
498 459 808 524 burgensibus
834 476 887 506 ac
911 460 1024 507 viris
1049 460 1386 508 ecclesiasticis.

304 539 354 582 34
370 539 414 583 3.
433 565 496 572 —
510 537 637 584 Circa
657 537 782 584 idem
802 542 988 599 tempus
1002 537 1098 584 dux
1117 537 1376 585 Lencastrie
1394 536 1637 593 Henricus,

237 612 473 676 Philippus
491 614 549 662 de
570 616 791 669 Navarra,
815 613 1032 660 dominus
1050 615 1284 662 Johannes
1303 614 1360 662 de
1376 614 1641 661 Monteforti

236 690 315 752 qui
339 707 388 737 se
414 690 597 738 dicebat
621 691 790 738 ducem
818 690 1068 747 Britannie,
1096 691 1196 754 regi
1223 691 1492 755 homagium
1520 691 1641 738 fece-

236 771 345 813 runt
365 767 423 813 de
449 767 536 814 hiis
562 783 651 829 que
671 767 717 813 in
744 783 892 830 regno
918 783 1003 814 suo
1025 767 1244 814 tenebant
1271 768 1315 814 in
1337 767 1493 815 feodo.

303 845 352 889 34
366 843 413 890 4.
437 872 501 879 —
520 844 615 890 Hiis
634 860 747 908 ergo
767 843 855 890 rite
875 844 1093 906 peractis,
1113 860 1198 890 rex
1221 844 1419 891 tendens
1442 844 1643 891 Parisius

234 924 280 966 et
308 936 454 967 novas
489 921 716 983 quasdam
747 920 1062 968 ordinationes
1089 927 1314 978 statuens,
1344 920 1643 968 excessivum

236 1013 482 1044 numerum
500 998 798 1045 existentium
815 998 861 1044 in
878 1000 1213 1062 Compotorum
1235 1014 1288 1045 ac
1301 1001 1644 1061 Requestarum

235 1073 439 1137 Hospicii
475 1074 672 1122 cameris
705 1075 964 1123 diminuere
997 1075 1192 1139 dignum
1225 1074 1419 1138 [duxit],
1456 1075 1644 1122 abolen-

236 1150 391 1213 doque
434 1151 743 1215 dampnosam
793 1152 1098 1200 mutationem
1150 1157 1447 1199 monetarum
1499 1151 1645 1198 edixit

235 1226 409 1290 ubique
435 1244 551 1275 voce
576 1228 795 1292 preconia
820 1235 872 1276 ut
891 1245 1061 1276 aureus
1080 1229 1266 1276 francus
1296 1227 1480 1275 noviter
1504 1227 1645 1274 fabri-

236 1309 366 1351 catus
385 1321 473 1368 pro
498 1320 580 1355 xvl
599 1322 660 1363 s.,
686 1306 854 1370 regalis
876 1322 964 1370 pro
985 1320 1070 1354 ΧΙΙΙ
1096 1310 1142 1353 et
1164 1305 1296 1353 albus
1317 1310 1538 1369 argentus
1559 1320 1645 1367 pro

235 1394 303 1428 ΧΠ
329 1379 377 1427 d.
409 1386 672 1444 caperetur.

304 1459 415 1505 345.
444 1486 508 1494 —-
536 1461 662 1506 Tunc
694 1458 833 1506 etiam
869 1464 1093 1506 statutum
1126 1464 1196 1506 est
1227 1465 1279 1506 ut
1310 1458 1444 1507 Judei
1477 1458 1555 1521 qui
1588 1457 1645 1505 de

236 1550 382 1598 regno
406 1535 589 1599 expulsi
621 1536 822 1592 fuerant,
855 1542 1051 1599 propter
1076 1536 1316 1599 pecuniale
1343 1535 1646 1583 commodum

237 1612 363 1675 quod
387 1613 445 1660 ab
471 1613 537 1661 eis
562 1613 695 1661 annis
721 1613 998 1677 exigebatur
1019 1613 1228 1678 singulis,
1258 1613 1429 1660 iterum
1455 1629 1647 1660 revoca-

236 1695 417 1736 rentur.

303 1767 352 1812 31
369 1769 414 1812 6.
441 1793 504 1801 -
529 1765 800 1814 Decembris
827 1782 940 1813 vero
966 1766 1141 1814 mensis
1167 1765 1242 1813 die
1269 1766 1529 1822 undecima,
1561 1783 1645 1813 rex

236 1841 295 1889 ad
328 1842 543 1890 dilectam
576 1843 663 1890 sibi
699 1843 939 1890 ecclesiam
975 1843 1097 1890 beati
1130 1843 1337 1907 Dyonisii
1372 1843 1566 1890 veniens
1601 1850 1643 1890 et

237 1919 639 1982 processionaliter
672 1925 890 1982 receptus
928 1925 1092 1967 votum
1130 1919 1256 1981 quod
1295 1919 1512 1967 emiserat
1547 1919 1645 1983 glo-

235 1995 362 2043 rioso
383 1996 576 2059 martyri
600 1996 901 2044 devotissime
927 1996 1154 2059 persolvit
1180 1996 1508 2060 humiliterque
1535 2013 1645 2059 pro-

236 2078 409 2120 stratus
434 2079 540 2120 ante
566 2073 712 2136 ipsius
739 2089 910 2136 corpus
937 2079 1301 2130 sacrosanctum,
1331 2090 1474 2137 super
1493 2072 1645 2120 reditu

237 2166 467 2213 prospero
498 2150 671 2214 gratias
701 2149 966 2197 cordialiter
994 2150 1192 2215 peregit.
1222 2153 1279 2197 Et
1306 2150 1413 2213 quia
1446 2156 1647 2213 quatuor

236 2225 482 2273 transactis
499 2225 632 2272 annis
653 2242 734 2273 sue
755 2226 948 2273 ecclesie
964 2226 1103 2273 nichil
1122 2226 1372 2284 obtulerat,
1391 2243 1497 2274 cum
1514 2242 1645 2273 sanc-

236 2308 337 2350 tum
378 2303 567 2351 Clavum
608 2302 814 2359 Domini,
857 2308 1066 2350 mentum
1112 2303 1234 2350 beati
1277 2303 1497 2350 Ludovici
1540 2320 1646 2365 par-

236 2385 424 2443 temque
468 2380 650 2427 vivifice
700 2380 851 2427 crucis
894 2379 1157 2435 adorasset,
1205 2381 1406 2443 capellas
1457 2398 1644 2442 quoque

236 2460 512 2505 Sanctorum
538 2457 757 2504 Demetrii
784 2463 831 2504 et
860 2458 1088 2505 Michaelis
1115 2458 1364 2515 visitasset,
1396 2458 1438 2504 in
1468 2458 1643 2503 eisdem

238 2550 320 2580 sex
346 2534 458 2581 locis
478 2533 780 2581 devotissime
801 2534 970 2581 obtulit
992 2540 1238 2582 sexcentos
1258 2540 1472 2581 mutones
1493 2536 1591 2581 auri
1606 2533 1642 2579 '¹.

287 2668 319 2702 1.
343 2666 395 2702 Ge
416 2667 533 2703 detail
554 2673 612 2704 est
633 2668 809 2714 rapportc
829 2667 1046 2714 &galement
1072 2668 1168 2705 dans
1196 2670 1229 2705 le
1258 2671 1359 2705 Livro
1388 2673 1462 2704 vert
1485 2668 1529 2703 sle
1554 2668 1644 2703 Plii-

239 2725 338 2772 lippe
371 2726 417 2761 ‹le
449 2726 622 2774 Villettc,
656 2727 750 2763 abbe
783 2727 827 2763 de
862 2728 1116 2764 Saint-Denis
1150 2740 1195 2764 au
1228 2732 1562 2765 counneucemcnt
1596 2727 1642 2762 du

239 2792 305 2821 xve
335 2784 480 2822 siecle:
514 2798 528 2818 «
554 2786 651 2822 Item
685 2790 809 2822 toutes
849 2786 1040 2823 oblatious
1076 2799 1123 2824 en
1164 2799 1206 2823 or
1244 2787 1410 2833 monoye
1451 2786 1560 2822 saites
1595 2798 1644 2821 en
