2060 3345
387 337 431 373 58
763 336 967 368 RlCHARDI
996 335 1122 367 SCOTI
1149 334 1414 367 CHRONIGON.
1679 331 1785 378 [1342

454 418 612 465 llis-e.
637 443 701 452 —-
726 417 823 462 Hoc
848 428 994 468 anne,
1035 411 1129 459 duo
1159 411 1433 466 cardinales,
1463 410 1679 459 dominus
1704 415 1787 460 Pe-

388 495 621 543 nestrinus
643 498 689 538 et
710 489 927 538 dominus
954 487 1253 546 Tusculanus,
1281 504 1424 550 super
1449 488 1786 551 compositione

388 571 515 635 pacis
539 571 659 616 inter
679 582 815 631 reges
840 565 1030 614 Francie
1055 570 1101 612 et
1121 565 1283 629 Anglie
1302 582 1327 611 a
1349 567 1541 612 Summo
1566 565 1786 612 Pontifice

388 647 693 695 destinantur.
724 643 826 702 Qui,
851 643 1004 706 primo
1037 641 1095 688 ad
1126 657 1285 705 regem
1313 640 1504 687 Francie
1526 640 1783 697 venientes,

387 725 474 771 hoc
494 722 755 769 habuerunt
768 720 815 766 in
830 718 1086 782 responsis,
1107 718 1234 781 quod
1255 718 1380 765 salva
1401 717 1640 781 majestate
1661 717 1788 781 regia

386 806 431 846 et
462 804 650 862 pactum
678 796 780 861 (sic)
815 796 942 859 quod
975 795 1033 842 ad
1069 811 1179 842 suos
1208 794 1532 841 confederatos
1569 794 1784 850 habebat,

388 894 436 924 se
462 876 520 923 ad
547 891 710 939 pacem
730 890 892 921 veram
911 872 1213 921 libentissime
1232 872 1533 919 consentiret.
1558 872 1790 919 Mittentes

386 953 528 1016 igitur
557 951 750 998 nuncios
784 951 843 997 ad
880 966 1041 1014 regem
1079 949 1240 1013 Anglie
1278 949 1357 1011 qui
1392 949 1521 1011 ipsos
1556 965 1644 1012 pro
1676 965 1789 1011 pace

386 1028 649 1094 hujusmodi
684 1043 811 1075 mare
847 1027 1055 1074 dicerent
1083 1025 1380 1082 transituros,
1414 1025 1658 1088 respondit
1688 1025 1790 1072 illos

386 1122 584 1171 regnum
612 1121 749 1152 suum
777 1104 1037 1151 nullatenus
1062 1103 1377 1166 ingressurOS,
1408 1102 1490 1148 sed
1521 1101 1791 1148 intendebat

387 1184 433 1230 in
452 1182 669 1246 proximo
689 1197 885 1245 regnum
906 1196 1042 1227 suum
1067 1179 1258 1227 Francie
1279 1179 1467 1226 visitare
1493 1178 1688 1241 illosque
1704 1177 1786 1235 ibi,

386 1261 447 1308 ob
478 1258 793 1319 reverentiam·
828 1256 953 1304 sedis
981 1255 1252 1320 apostolice,
1287 1255 1487 1303 libenter
1512 1255 1690 1302 audire.
1719 1254 1789 1302 Ad

386 1337 649 1401 Flamingos
689 1335 889 1397 denique
921 1333 1186 1389 venienteS,
1219 1332 1566 1396 responderunt
1602 1332 1786 1396 [quod],

388 1415 472 1461 nisi
492 1414 621 1476 prius
642 1412 835 1460 fuissent
861 1410 1078 1466 absoluti,
1108 1425 1346 1472 nunquam
1369 1425 1417 1456 se
1441 1409 1500 1456 ad
1521 1425 1683 1472 pacem
1710 1408 1791 1455 ali-

387 1507 526 1554 quam
541 1490 829 1537 inclinarent.
851 1490 1059 1550 Cumque
1070 1487 1129 1534 ad
1143 1486 1450 1533 Brabantinos
1463 1486 1791 1548 Hanoniosque

385 1568 641 1624 venissent,
682 1564 1029 1629 responderunt
1065 1563 1215 1626 quod,
1254 1563 1380 1611 salva
1415 1562 1790 1610 confederatione

386 1661 527 1708 quam
546 1644 604 1690 ad
626 1659 786 1707 regem
808 1642 969 1706 Anglie
989 1641 1238 1698 habebant,
1263 1641 1387 1688 bono
1407 1640 1535 1703 pacis
1557 1657 1606 1687 se
1628 1639 1791 1687 volun-

385 1722 500 1769 tarie
526 1721 801 1768 offerebant.

454 1798 563 1845 444.
580 1826 644 1832 —
658 1798 770 1859 Cap.
798 1793 1047 1843 CLXXXII
1062 1809 1106 1840 a.
1128 1821 1192 1828 —
1210 1793 1473 1850 Eduardus,
1503 1810 1587 1840 rex
1607 1793 1786 1857 Anglie,

386 1877 432 1922 in
458 1874 742 1923 Britanniam
768 1870 1088 1919 transfretavit
1107 1876 1154 1918 et
1173 1874 1434 1920 Vannetum
1456 1870 1695 1926 obsidens,
1727 1869 1790 1916 ibi

386 1950 651 2013 aliquandiu
692 1964 874 1996 moram
913 1946 1073 1994 traxit.
1120 1946 1254 2004 Quod
1298 1946 1491 1994 audiens
1531 1946 1786 2010 Philippus,

386 2029 657 2083 Johannem,
676 2024 1042 2089 primogenitum
1061 2040 1215 2081 suum,
1239 2023 1365 2070 misit
1381 2040 1489 2071 cum
1505 2023 1693 2080 Karolo,
1714 2039 1791 2070 co-

388 2105 498 2152 mite
532 2102 793 2152 Alenconis.
826 2101 912 2159 Qui
938 2100 1111 2157 statim,
1145 2105 1277 2163 parte
1310 2115 1503 2147 suorum
1528 2100 1576 2146 in
1607 2099 1792 2147 civitate

387 2237 591 2275 hobelariis
606 2242 644 2274 et
659 2236 868 2284 sagittariis
889 2235 936 2270 ad
956 2239 1084 2282 partes
1105 2234 1325 2280 Britannie,
1348 2245 1408 2270 ccc
1424 2234 1466 2279 l.,
1490 2247 1505 2268 2>
1524 2233 1565 2269 17
1587 2232 1791 2269 decembre

389 2298 475 2334 1341
507 2297 618 2342 (Rec.
647 2296 725 2341 offi,
754 2298 853 2331 Issue
881 2296 988 2337 Rom,
1025 2293 1066 2329 16
1096 2293 1203 2329 Edw.
1234 2293 1306 2340 ΠΙ,
1339 2292 1606 2338 Michaelmas,
1636 2303 1689 2327 m.
1719 2293 1788 2336 17).

387 2378 433 2384 —
452 2356 485 2392 Il
512 2367 561 2392 ne
591 2355 736 2391 semble
765 2364 832 2400 pas
863 2351 1042 2389 toutefois
1071 2352 1159 2399 qu’a
1187 2363 1230 2388 ce
1256 2356 1430 2389 moment
1457 2351 1602 2388 Robert
1622 2350 1791 2386 d'Artois

389 2416 442 2452 ait
467 2415 587 2462 dirige
609 2424 685 2449 une
707 2412 926 2459 expedition
952 2422 1001 2447 en
1028 2411 1237 2459 Bretagne,
1259 2423 1337 2455 car,
1360 2411 1395 2446 le
1424 2411 1467 2447 42
1493 2421 1596 2446 mars
1619 2410 1789 2455 suivant,

389 2486 486 2511 nous
507 2475 542 2510 le
561 2479 747 2510 trouvons
768 2472 813 2508 de
834 2481 1012 2507 nouveau
1036 2471 1193 2518 indique
1221 2481 1371 2507 comme
1395 2470 1537 2506 devant
1557 2469 1677 2516 partir
1696 2480 1791 2516 pour

389 2536 426 2570 la
458 2535 675 2579 Bretagne,
706 2537 805 2568 cette
835 2530 906 2567 fois
937 2541 985 2566 en
1019 2530 1246 2578 compagnie
1279 2529 1324 2565 de
1355 2529 1516 2565 Gautier
1548 2528 1594 2564 de
1628 2529 1790 2575 Manny,

390 2593 545 2630 nomme
572 2602 640 2638 par
671 2602 724 2627 un
755 2595 838 2626 acte
871 2589 919 2624 (lu
948 2591 1001 2626 1er
1028 2601 1132 2626 mars
1164 2589 1379 2625 lieutenant
1413 2578 1627 2623 d'Edouard
1653 2587 1712 2622 ΙΙΙ
1742 2597 1791 2621 en

390 2653 582 2699 Bretagne
605 2663 611 2685 :
639 2663 652 2683 «
678 2649 846 2685 Roberto
866 2649 912 2685 de
934 2650 1092 2697 Artoys,
1115 2648 1161 2684 ad
1189 2652 1317 2695 partes
1344 2646 1546 2682 Britannie
1574 2646 1791 2692 profecturo

391 2720 505 2758 super
525 2709 645 2746 vadiis
666 2709 746 2744 suis
767 2713 804 2744 et
824 2708 1078 2755 quorumdam
1099 2707 1302 2744 hominum
1323 2706 1368 2742 ad
1390 2717 1498 2741 arma
1519 2711 1556 2741 et
1578 2704 1790 2752 sagittario-

392 2780 477 2804 rum
504 2768 545 2804 in
571 2766 753 2804 comitiva
782 2777 851 2802 sua
877 2771 914 2802 et
944 2766 1127 2803 comitiva,
1147 2763 1317 2801 Walteri
1350 2763 1395 2799 de
1423 2764 1569 2809 Manny
1596 2761 1792 2798 (lucendo-

395 2838 493 2874 rum,
515 2839 536 2862 x
558 2827 581 2862 l.
608 2840 623 2859 »
649 2826 766 2870 (shift,
790 2836 841 2860 m.
868 2825 937 2867 34).
