2060 3345
204 336 307 382 1347]
435 339 640 372 RICHARDI
668 339 794 371 SGOTI
822 338 1029 372 CHRONIGI
1057 338 1363 371 CONTINUATIO.
1557 335 1594 371 Sl

201 419 420 467 Karolum
453 419 576 482 apud
602 421 754 467 Vanes
780 419 954 482 Anglici
987 419 1282 466 deduxerunt
1314 434 1419 465 cum
1453 434 1602 481 eoque

201 511 321 541 anno
348 495 560 543 revoluto
584 494 1008 541 transfretaverunt
1031 495 1075 540 in
1097 494 1327 557 Angliam,
1350 499 1396 541 et
1418 498 1525 540 tunc
1544 493 1601 540 ad

200 572 572 635 redemptionem
598 570 777 634 positus
804 570 909 617 inde
937 570 1177 627 recedens,
1204 570 1322 617 filios
1349 587 1457 618 suos
1483 573 1603 617 Hen-

199 647 348 694 ricum
384 653 430 694 et
464 647 719 695 Johannem
758 663 846 709 pro
884 663 933 692 se
971 646 1158 693 obsides
1197 646 1417 709 relinquit
1455 646 1604 693 donec

199 725 453 787 promissas
491 722 709 786 pecunias
746 722 1065 785 persolvisset.
1105 726 1173 770 Ex
1211 723 1391 770 exuviis
1429 723 1604 770 occiso-

197 817 304 848 rum
342 804 498 864 Rupes
535 799 717 847 Deriani
760 799 895 847 solito
938 799 1280 846 habundantius
1320 800 1495 847 munita
1533 804 1604 847 est

198 882 244 924 et
274 877 452 941 Anglici
488 876 713 924 ruricolas
742 881 966 939 ceperunt
998 875 1133 922 solito
1160 875 1337 922 accrius
1362 876 1598 933 infestare,

197 955 321 1002 unde
346 954 483 1002 vicini
508 954 687 1001 nobiles
712 952 954 1017 indignati,
985 968 1092 999 cuin
1118 952 1294 999 eisdem
1315 969 1426 1017 rege
1446 958 1602 1000 tamen

197 1037 426 1078 annuente
453 1030 532 1093 qui
559 1047 664 1077 cum
691 1030 757 1077 eis
783 1029 1024 1076 dominum
1052 1028 1109 1075 de
1135 1028 1364 1076 Credonio
1388 1035 1434 1076 et
1453 1028 1603 1076 domi-

197 1124 309 1155 num
335 1107 584 1155 Antonium
617 1107 783 1154 Daurie
818 1107 1023 1161 miserat,
1054 1108 1235 1168 Rupem
1267 1106 1446 1153 fortiter
1478 1106 1603 1153 obsi-

196 1184 365 1232 derunt
387 1190 433 1231 et
453 1184 560 1247 quia
585 1183 801 1230 introitus
821 1182 866 1229 in
888 1199 990 1229 eam
1014 1182 1314 1245 impossibilis
1335 1182 1597 1238 videbatur,

196 1260 401 1324 quinque
433 1277 490 1308 ex
521 1260 830 1308 Januensibus
857 1275 884 1306 L
910 1259 1196 1307 florenorum
1225 1259 1324 1307 auri
1351 1259 1602 1322 cupiditate

195 1337 361 1395 allecti,
392 1354 510 1401 quos
545 1337 762 1384 dominus
793 1336 851 1383 de
879 1336 1107 1385 Credonio
1140 1336 1305 1400 primis
1338 1335 1602 1400 ingredien-

194 1414 319 1463 tibus
354 1414 634 1478 promiserat
674 1414 788 1461 dum
822 1413 1152 1461 continuantur
1186 1413 1399 1470 insultus,
1440 1412 1597 1476 primi,

194 1492 350 1539 invitis
371 1491 728 1548 deffensoribus‚
752 1492 1045 1538 intraverunt
1066 1496 1111 1538 et
1133 1490 1255 1538 viam
1281 1490 1380 1537 aliis
1406 1507 1601 1554 parave-

193 1573 320 1615 runt.
345 1569 486 1632 Capta
511 1571 660 1631 Rupe,
682 1583 845 1615 omnes
864 1567 1166 1614 indiferenter
1186 1584 1334 1630 usque
1354 1566 1412 1614 ad
1440 1567 1601 1630 fugen-

194 1649 264 1691 tes
289 1644 390 1708 (sic)
415 1645 558 1692 ubera
579 1644 871 1700 occiduntur,
892 1643 996 1690 villa
1018 1660 1206 1706 quoque
1227 1643 1361 1690 bonis
1383 1642 1600 1690 omnibus

194 1720 412 1784 spoliata,
448 1721 650 1768 victores
686 1720 791 1767 ville
829 1720 1132 1783 municipium
1171 1720 1441 1767 invaserunt
1476 1719 1598 1782 quod

194 1797 382 1845 tandem
428 1799 608 1862 pugiles
654 1798 772 1845 infra
817 1803 1056 1845 manentes
1099 1796 1408 1844 reddiderunt
1453 1802 1497 1843 et
1541 1813 1599 1843 ex

193 1875 408 1924 condicto
443 1876 551 1923 inde
594 1875 808 1923 exierunt
848 1875 1025 1938 absque
1066 1874 1349 1922 detrimento
1392 1874 1484 1920 vite
1526 1873 1598 1920 vel

193 1952 436 1999 mobilium
462 1953 713 2000 bonorum.

259 2031 370 2078 482.
400 2057 464 2064 —
489 2033 539 2076 In
564 2029 684 2076 festo
710 2031 875 2077 Sancte
902 2027 1147 2084 Christine‚
1177 2027 1298 2074 circa
1328 2027 1438 2075 solis
1467 2044 1600 2075 ocea-

192 2120 312 2156 sum,
350 2121 498 2168 prope
529 2104 747 2161 parisius,
782 2105 827 2152 in
859 2104 989 2151 villa1
1025 2103 1180 2152 Sancti
1210 2103 1434 2168 Dyonisii,
1473 2103 1600 2151 colli-

192 2180 370 2228 sionem
409 2187 657 2228 ventorum
693 2181 1017 2228 vehementem
1052 2187 1208 2229 secuta
1240 2189 1312 2228 est
1345 2186 1599 2245 tempestas

191 2257 430 2322 grandinis
454 2258 564 2306 alias
590 2258 842 2305 inaudita2.

260 2337 368 2381 483.
416 2363 479 2370 —
518 2334 781 2382 Ludovicus
825 2339 1055 2391 Bavarus,
1102 2341 1356 2399 usurpator
1394 2335 1594 2398 imperii,

192 2411 320 2468 dum,
352 2412 586 2460 venationi
620 2411 854 2468 insistens,
890 2428 1056 2475 aprum
1094 2412 1436 2475 insequeretur,
1475 2427 1597 2473 equo

191 2489 462 2552 cespstante,
494 2488 657 2536 cecidit
683 2494 729 2535 et
756 2488 902 2535 fracto
929 2489 1108 2536 cervice
1135 2489 1387 2552 expiravit.

259 2566 368 2614 484.
398 2594 460 2602 —
486 2566 681 2624 Quidam
715 2566 946 2629 proditor,
979 2565 1250 2623 advocatus,
1282 2565 1466 2612 nomine
1494 2564 1595 2612 Gal-

191 2657 338 2688 vanus
371 2641 429 2689 de
462 2642 743 2699 Bellemont,
784 2641 842 2689 de
881 2641 1102 2689 Lauduno
1140 2642 1390 2697 oriundus,
1433 2647 1478 2688 et
1516 2640 1593 2703 qui

241 2776 273 2810 1.
298 2775 368 2810 Ms.
391 2779 533 2812 villam.

240 2833 274 2868 ⁶2.
297 2834 459 2870 Grandes
481 2836 714 2880 Ultroniques,
740 2841 767 2872 t.
790 2835 841 2881 V,
862 2846 896 2882 p.
920 2835 1002 2871 48⁶2.

334 2898 346 2928 1
1433 2895 1452 2929 0*
