<?xml version="1.0" encoding="UTF-8"?>
<!DOCTYPE html PUBLIC "-//W3C//DTD XHTML 1.0 Transitional//EN"
    "http://www.w3.org/TR/xhtml1/DTD/xhtml1-transitional.dtd">
<html xmlns="http://www.w3.org/1999/xhtml" xml:lang="en" lang="en">
 <head>
  <title>
</title>
<meta http-equiv="Content-Type" content="text/html;charset=utf-8" />
  <meta name='ocr-system' content='tesseract 3.04.00' />
  <meta name='ocr-capabilities' content='ocr_page ocr_carea ocr_par ocr_line ocrx_word'/>
</head>
<body>
  <div class='ocr_page' id='page_1' title='image "./chroniquedericha00lescuoft_0220.png"; bbox 0 0 2060 3345; ppageno 0'>
   <div class='ocr_carea' id='block_1_1' title="bbox 418 315 1808 363">
    <p class='ocr_par' dir='ltr' id='par_1_1' title="bbox 418 315 1808 363">
     <span class='ocr_line' id='line_1_1' title="bbox 418 315 1808 363; baseline -0.001 -9"><span class='ocrx_word' id='word_1_1' title='bbox 418 318 485 355; x_wconf 77' lang='grc'>’146</span> <span class='ocrx_word' id='word_1_2' title='bbox 650 320 854 354; x_wconf 83' lang='lat' dir='ltr'>RICHARDI</span> <span class='ocrx_word' id='word_1_3' title='bbox 881 319 1008 352; x_wconf 83' lang='lat' dir='ltr'><strong>SGOTI</strong></span> <span class='ocrx_word' id='word_1_4' title='bbox 1035 317 1242 351; x_wconf 84' lang='lat' dir='ltr'>CHRONICI</span> <span class='ocrx_word' id='word_1_5' title='bbox 1270 318 1577 351; x_wconf 83' lang='lat' dir='ltr'><strong>CONTINUATIO.</strong></span> <span class='ocrx_word' id='word_1_6' title='bbox 1702 315 1808 363; x_wconf 86' lang='grc'>[1360</span> 
     </span>
    </p>
   </div>
   <div class='ocr_carea' id='block_1_2' title="bbox 407 397 1810 843">
    <p class='ocr_par' dir='ltr' id='par_1_2' title="bbox 407 397 1810 843">
     <span class='ocr_line' id='line_1_2' title="bbox 414 397 1808 463; baseline 0 -17"><span class='ocrx_word' id='word_1_7' title='bbox 414 415 546 463; x_wconf 88' lang='lat' dir='ltr'>gram</span> <span class='ocrx_word' id='word_1_8' title='bbox 581 405 739 446; x_wconf 89' lang='lat' dir='ltr'>mutua</span> <span class='ocrx_word' id='word_1_9' title='bbox 774 398 1084 445; x_wconf 79' lang='lat' dir='ltr'>celebrassent</span> <span class='ocrx_word' id='word_1_10' title='bbox 1116 397 1360 460; x_wconf 91' lang='lat' dir='ltr'>colloquia,</span> <span class='ocrx_word' id='word_1_11' title='bbox 1393 404 1730 446; x_wconf 87' lang='lat' dir='ltr'>consenserunt</span> <span class='ocrx_word' id='word_1_12' title='bbox 1756 406 1808 446; x_wconf 93' lang='lat' dir='ltr'>ut</span> 
     </span>
     <span class='ocr_line' id='line_1_3' title="bbox 414 473 1810 539; baseline 0 -17"><span class='ocrx_word' id='word_1_13' title='bbox 414 491 627 539; x_wconf 86' lang='lat' dir='ltr'>magnam</span> <span class='ocrx_word' id='word_1_14' title='bbox 653 474 915 537; x_wconf 86' lang='lat' dir='ltr'>portionem</span> <span class='ocrx_word' id='word_1_15' title='bbox 940 473 1098 537; x_wconf 76' lang='lat' dir='ltr'>regni1</span> <span class='ocrx_word' id='word_1_16' title='bbox 1129 474 1317 522; x_wconf 89' lang='lat' dir='ltr'>Francie</span> <span class='ocrx_word' id='word_1_17' title='bbox 1346 490 1431 521; x_wconf 83' lang='lat' dir='ltr'>rex</span> <span class='ocrx_word' id='word_1_18' title='bbox 1455 474 1616 538; x_wconf 88' lang='lat' dir='ltr'>Anglie</span> <span class='ocrx_word' id='word_1_19' title='bbox 1641 491 1810 538; x_wconf 88' lang='lat' dir='ltr'>perpe-</span> 
     </span>
     <span class='ocr_line' id='line_1_4' title="bbox 411 549 1810 614; baseline 0 -16"><span class='ocrx_word' id='word_1_20' title='bbox 411 558 491 598; x_wconf 85' lang='lat' dir='ltr'>tuo</span> <span class='ocrx_word' id='word_1_21' title='bbox 521 551 799 614; x_wconf 79' lang='lat' dir='ltr'><strong>possideret,</strong></span> <span class='ocrx_word' id='word_1_22' title='bbox 836 556 886 597; x_wconf 89' lang='lat' dir='ltr'>ut</span> <span class='ocrx_word' id='word_1_23' title='bbox 914 565 975 598; x_wconf 79' lang='lat' dir='ltr'>XL</span> <span class='ocrx_word' id='word_1_24' title='bbox 1007 549 1210 597; x_wconf 77' lang='lat' dir='ltr'>articulis</span> <span class='ocrx_word' id='word_1_25' title='bbox 1240 556 1437 614; x_wconf 88' lang='lat' dir='ltr'>propter</span> <span class='ocrx_word' id='word_1_26' title='bbox 1472 551 1560 598; x_wconf 90' lang='lat' dir='ltr'>hoc</span> <span class='ocrx_word' id='word_1_27' title='bbox 1590 551 1810 598; x_wconf 89' lang='lat' dir='ltr'>confectis</span> 
     </span>
     <span class='ocr_line' id='line_1_5' title="bbox 408 625 1809 689; baseline 0.001 -16"><span class='ocrx_word' id='word_1_28' title='bbox 408 627 542 673; x_wconf 89' lang='lat' dir='ltr'>latius</span> <span class='ocrx_word' id='word_1_29' title='bbox 575 625 854 683; x_wconf 77' lang='lat' dir='ltr'>continetur,</span> <span class='ocrx_word' id='word_1_30' title='bbox 890 642 1030 688; x_wconf 90' lang='lat' dir='ltr'>quem</span> <span class='ocrx_word' id='word_1_31' title='bbox 1065 625 1255 689; x_wconf 87' lang='lat' dir='ltr'>quidem</span> <span class='ocrx_word' id='word_1_32' title='bbox 1291 631 1554 682; x_wconf 86' lang='lat' dir='ltr'>tractatum,</span> <span class='ocrx_word' id='word_1_33' title='bbox 1592 626 1809 674; x_wconf 81' lang='lat' dir='ltr'>adhibitis</span> 
     </span>
     <span class='ocr_line' id='line_1_6' title="bbox 407 702 1807 766; baseline 0 -17"><span class='ocrx_word' id='word_1_34' title='bbox 407 702 686 764; x_wconf 85' lang='lat' dir='ltr'>quibusdam</span> <span class='ocrx_word' id='word_1_35' title='bbox 729 702 1072 750; x_wconf 85' lang='lat' dir='ltr'>conditionibus</span> <span class='ocrx_word' id='word_1_36' title='bbox 1115 703 1172 750; x_wconf 87' lang='lat' dir='ltr'>ad</span> <span class='ocrx_word' id='word_1_37' title='bbox 1218 703 1557 766; x_wconf 79' lang='lat' dir='ltr'>regnicolarum</span> <span class='ocrx_word' id='word_1_38' title='bbox 1598 719 1807 750; x_wconf 91' lang='lat' dir='ltr'>commo-</span> 
     </span>
     <span class='ocr_line' id='line_1_7' title="bbox 408 779 1804 843; baseline 0.001 -17"><span class='ocrx_word' id='word_1_39' title='bbox 408 779 537 836; x_wconf 91' lang='lat' dir='ltr'>dum,</span> <span class='ocrx_word' id='word_1_40' title='bbox 558 779 653 827; x_wconf 83' lang='lat' dir='ltr'>dux</span> <span class='ocrx_word' id='word_1_41' title='bbox 671 784 717 826; x_wconf 89' lang='lat' dir='ltr'>et</span> <span class='ocrx_word' id='word_1_42' title='bbox 733 779 952 843; x_wconf 89' lang='lat' dir='ltr'>princeps</span> <span class='ocrx_word' id='word_1_43' title='bbox 965 779 1239 843; x_wconf 87' lang='lat' dir='ltr'>juraverunt</span> <span class='ocrx_word' id='word_1_44' title='bbox 1259 780 1583 827; x_wconf 91' lang='lat' dir='ltr'>inviolabiliter</span> <span class='ocrx_word' id='word_1_45' title='bbox 1599 796 1804 827; x_wconf 90' lang='lat' dir='ltr'>servare.</span> 
     </span>
    </p>
   </div>
   <div class='ocr_carea' id='block_1_3' title="bbox 403 861 1811 1916">
    <p class='ocr_par' dir='ltr' id='par_1_3' title="bbox 403 861 1811 1916">
     <span class='ocr_line' id='line_1_8' title="bbox 473 861 1808 926; baseline 0.001 -19"><span class='ocrx_word' id='word_1_46' title='bbox 473 863 522 907; x_wconf 87' lang='grc'>31</span> <span class='ocrx_word' id='word_1_47' title='bbox 537 862 584 910; x_wconf 71' lang='grc'>2.</span> <span class='ocrx_word' id='word_1_48' title='bbox 608 889 672 896; x_wconf 91' lang='grc'>-</span> <span class='ocrx_word' id='word_1_49' title='bbox 691 864 749 909; x_wconf 90' lang='lat' dir='ltr'>Ut</span> <span class='ocrx_word' id='word_1_50' title='bbox 775 861 822 908; x_wconf 90' lang='lat' dir='ltr'>in</span> <span class='ocrx_word' id='word_1_51' title='bbox 843 862 1182 926; x_wconf 85' lang='lat' dir='ltr'>compositione</span> <span class='ocrx_word' id='word_1_52' title='bbox 1201 867 1375 910; x_wconf 83' lang='lat' dir='ltr'>tactum</span> <span class='ocrx_word' id='word_1_53' title='bbox 1401 867 1517 920; x_wconf 91' lang='lat' dir='ltr'>erat,</span> <span class='ocrx_word' id='word_1_54' title='bbox 1542 879 1627 909; x_wconf 83' lang='lat' dir='ltr'>rex</span> <span class='ocrx_word' id='word_1_55' title='bbox 1647 862 1808 926; x_wconf 89' lang='lat' dir='ltr'>Anglie</span> 
     </span>
     <span class='ocr_line' id='line_1_9' title="bbox 405 936 1810 1002; baseline 0.002 -20"><span class='ocrx_word' id='word_1_56' title='bbox 405 952 565 1000; x_wconf 86' lang='lat' dir='ltr'>regem</span> <span class='ocrx_word' id='word_1_57' title='bbox 590 936 848 985; x_wconf 87' lang='lat' dir='ltr'>Johannem</span> <span class='ocrx_word' id='word_1_58' title='bbox 869 938 1063 985; x_wconf 87' lang='lat' dir='ltr'>adduxit</span> <span class='ocrx_word' id='word_1_59' title='bbox 1081 937 1206 1002; x_wconf 86' lang='lat' dir='ltr'>apud</span> <span class='ocrx_word' id='word_1_60' title='bbox 1227 938 1453 986; x_wconf 86' lang='lat' dir='ltr'>Calesium</span> <span class='ocrx_word' id='word_1_61' title='bbox 1474 944 1520 985; x_wconf 92' lang='lat' dir='ltr'>et</span> <span class='ocrx_word' id='word_1_62' title='bbox 1539 954 1645 985; x_wconf 90' lang='lat' dir='ltr'>cum</span> <span class='ocrx_word' id='word_1_63' title='bbox 1670 938 1810 985; x_wconf 89' lang='lat' dir='ltr'>ambo</span> 
     </span>
     <span class='ocr_line' id='line_1_10' title="bbox 404 1014 1807 1078; baseline 0.001 -19"><span class='ocrx_word' id='word_1_64' title='bbox 404 1018 653 1060; x_wconf 87' lang='lat' dir='ltr'>tractatum</span> <span class='ocrx_word' id='word_1_65' title='bbox 697 1031 783 1077; x_wconf 91' lang='lat' dir='ltr'>per</span> <span class='ocrx_word' id='word_1_66' title='bbox 816 1014 1135 1078; x_wconf 86' lang='lat' dir='ltr'>juramentum</span> <span class='ocrx_word' id='word_1_67' title='bbox 1181 1016 1469 1072; x_wconf 87' lang='lat' dir='ltr'>firmassent,</span> <span class='ocrx_word' id='word_1_68' title='bbox 1518 1031 1603 1062; x_wconf 84' lang='lat' dir='ltr'>rex</span> <span class='ocrx_word' id='word_1_69' title='bbox 1645 1015 1807 1078; x_wconf 82' lang='lat' dir='ltr'>Anglie</span> 
     </span>
     <span class='ocr_line' id='line_1_11' title="bbox 404 1088 1807 1154; baseline 0.002 -20"><span class='ocrx_word' id='word_1_70' title='bbox 404 1088 537 1135; x_wconf 88' lang='lat' dir='ltr'>titulo</span> <span class='ocrx_word' id='word_1_71' title='bbox 566 1089 690 1153; x_wconf 88' lang='lat' dir='ltr'>regis</span> <span class='ocrx_word' id='word_1_72' title='bbox 724 1090 915 1137; x_wconf 84' lang='lat' dir='ltr'>Francie</span> <span class='ocrx_word' id='word_1_73' title='bbox 948 1090 1217 1154; x_wconf 80' lang='lat' dir='ltr'>resignavit,</span> <span class='ocrx_word' id='word_1_74' title='bbox 1248 1107 1408 1154; x_wconf 85' lang='lat' dir='ltr'>regem</span> <span class='ocrx_word' id='word_1_75' title='bbox 1440 1090 1697 1138; x_wconf 88' lang='lat' dir='ltr'>Johannem</span> <span class='ocrx_word' id='word_1_76' title='bbox 1726 1107 1807 1137; x_wconf 92' lang='lat' dir='ltr'>sue</span> 
     </span>
     <span class='ocr_line' id='line_1_12' title="bbox 403 1164 1809 1229; baseline 0.003 -19"><span class='ocrx_word' id='word_1_77' title='bbox 403 1164 605 1211; x_wconf 86' lang='lat' dir='ltr'>libertati</span> <span class='ocrx_word' id='word_1_78' title='bbox 623 1166 840 1222; x_wconf 84' lang='lat' dir='ltr'>restituit,</span> <span class='ocrx_word' id='word_1_79' title='bbox 861 1166 1049 1214; x_wconf 90' lang='lat' dir='ltr'>obsides</span> <span class='ocrx_word' id='word_1_80' title='bbox 1070 1172 1224 1214; x_wconf 90' lang='lat' dir='ltr'>tamen</span> <span class='ocrx_word' id='word_1_81' title='bbox 1242 1184 1361 1229; x_wconf 91' lang='lat' dir='ltr'>quos</span> <span class='ocrx_word' id='word_1_82' title='bbox 1379 1167 1635 1214; x_wconf 85' lang='lat' dir='ltr'>tradiderat</span> <span class='ocrx_word' id='word_1_83' title='bbox 1652 1182 1809 1214; x_wconf 90' lang='lat' dir='ltr'>secum</span> 
     </span>
     <span class='ocr_line' id='line_1_13' title="bbox 405 1240 1808 1306; baseline 0.001 -19"><span class='ocrx_word' id='word_1_84' title='bbox 405 1240 597 1288; x_wconf 90' lang='lat' dir='ltr'>ducens.</span> <span class='ocrx_word' id='word_1_85' title='bbox 644 1243 760 1290; x_wconf 86' lang='lat' dir='ltr'>Cum</span> <span class='ocrx_word' id='word_1_86' title='bbox 804 1259 859 1290; x_wconf 91' lang='lat' dir='ltr'>eo</span> <span class='ocrx_word' id='word_1_87' title='bbox 898 1243 1129 1306; x_wconf 90' lang='lat' dir='ltr'>siquidem</span> <span class='ocrx_word' id='word_1_88' title='bbox 1172 1244 1590 1291; x_wconf 84' lang='lat' dir='ltr'>transfretaverunt</span> <span class='ocrx_word' id='word_1_89' title='bbox 1633 1243 1808 1290; x_wconf 91' lang='lat' dir='ltr'>domini</span> 
     </span>
     <span class='ocr_line' id='line_1_14' title="bbox 403 1317 1810 1384; baseline 0.001 -20"><span class='ocrx_word' id='word_1_90' title='bbox 403 1317 666 1366; x_wconf 87' lang='lat' dir='ltr'>Ludovicus</span> <span class='ocrx_word' id='word_1_91' title='bbox 695 1325 740 1366; x_wconf 91' lang='lat' dir='ltr'>et</span> <span class='ocrx_word' id='word_1_92' title='bbox 771 1319 1004 1367; x_wconf 85' lang='lat' dir='ltr'>Johannes</span> <span class='ocrx_word' id='word_1_93' title='bbox 1036 1320 1116 1366; x_wconf 91' lang='lat' dir='ltr'>filii</span> <span class='ocrx_word' id='word_1_94' title='bbox 1145 1320 1270 1384; x_wconf 88' lang='lat' dir='ltr'>regis</span> <span class='ocrx_word' id='word_1_95' title='bbox 1300 1321 1537 1377; x_wconf 86' lang='lat' dir='ltr'>Johannis,</span> <span class='ocrx_word' id='word_1_96' title='bbox 1572 1320 1810 1383; x_wconf 86' lang='lat' dir='ltr'>Philippus</span> 
     </span>
     <span class='ocr_line' id='line_1_15' title="bbox 404 1393 1809 1460; baseline 0.002 -20"><span class='ocrx_word' id='word_1_97' title='bbox 404 1393 499 1440; x_wconf 88' lang='lat' dir='ltr'>dux</span> <span class='ocrx_word' id='word_1_98' title='bbox 526 1395 807 1443; x_wconf 89' lang='lat' dir='ltr'>Aureliensis</span> <span class='ocrx_word' id='word_1_99' title='bbox 834 1396 978 1443; x_wconf 87' lang='lat' dir='ltr'>frater</span> <span class='ocrx_word' id='word_1_100' title='bbox 1002 1396 1129 1460; x_wconf 76' lang='lat' dir='ltr'>ejus2</span> <span class='ocrx_word' id='word_1_101' title='bbox 1157 1397 1252 1444; x_wconf 79' lang='lat' dir='ltr'>dux</span> <span class='ocrx_word' id='word_1_102' title='bbox 1278 1413 1465 1460; x_wconf 89' lang='lat' dir='ltr'>quoque</span> <span class='ocrx_word' id='word_1_103' title='bbox 1492 1397 1549 1444; x_wconf 91' lang='lat' dir='ltr'>de</span> <span class='ocrx_word' id='word_1_104' title='bbox 1575 1396 1809 1443; x_wconf 88' lang='lat' dir='ltr'>Borbonio</span> 
     </span>
     <span class='ocr_line' id='line_1_16' title="bbox 404 1471 1811 1537; baseline 0.001 -20"><span class='ocrx_word' id='word_1_105' title='bbox 404 1476 450 1517; x_wconf 91' lang='lat' dir='ltr'>et</span> <span class='ocrx_word' id='word_1_106' title='bbox 472 1471 666 1518; x_wconf 88' lang='lat' dir='ltr'>comites</span> <span class='ocrx_word' id='word_1_107' title='bbox 691 1472 748 1519; x_wconf 93' lang='lat' dir='ltr'>de</span> <span class='ocrx_word' id='word_1_108' title='bbox 776 1472 1043 1529; x_wconf 83' lang='lat' dir='ltr'>AlenconiO,</span> <span class='ocrx_word' id='word_1_109' title='bbox 1075 1473 1133 1520; x_wconf 92' lang='lat' dir='ltr'>de</span> <span class='ocrx_word' id='word_1_110' title='bbox 1158 1473 1379 1536; x_wconf 85' lang='lat' dir='ltr'>Stampis,</span> <span class='ocrx_word' id='word_1_111' title='bbox 1409 1473 1507 1537; x_wconf 81' lang='lat' dir='ltr'>ejus</span> <span class='ocrx_word' id='word_1_112' title='bbox 1534 1472 1734 1536; x_wconf 82' lang='lat' dir='ltr'>cognati,</span> <span class='ocrx_word' id='word_1_113' title='bbox 1764 1477 1811 1519; x_wconf 88' lang='lat' dir='ltr'>et</span> 
     </span>
     <span class='ocr_line' id='line_1_17' title="bbox 404 1547 1810 1610; baseline 0.001 -17"><span class='ocrx_word' id='word_1_114' title='bbox 404 1563 509 1593; x_wconf 89' lang='lat' dir='ltr'>cum</span> <span class='ocrx_word' id='word_1_115' title='bbox 527 1548 641 1610; x_wconf 90' lang='lat' dir='ltr'>ipsis</span> <span class='ocrx_word' id='word_1_116' title='bbox 659 1548 825 1605; x_wconf 89' lang='lat' dir='ltr'>Guido,</span> <span class='ocrx_word' id='word_1_117' title='bbox 846 1550 991 1596; x_wconf 88' lang='lat' dir='ltr'>frater</span> <span class='ocrx_word' id='word_1_118' title='bbox 1009 1549 1190 1596; x_wconf 89' lang='lat' dir='ltr'>comitis</span> <span class='ocrx_word' id='word_1_119' title='bbox 1206 1549 1452 1606; x_wconf 89' lang='lat' dir='ltr'>Blesensis,</span> <span class='ocrx_word' id='word_1_120' title='bbox 1475 1565 1631 1596; x_wconf 90' lang='lat' dir='ltr'>comes</span> <span class='ocrx_word' id='word_1_121' title='bbox 1656 1547 1810 1595; x_wconf 88' lang='lat' dir='ltr'>Sancti</span> 
     </span>
     <span class='ocr_line' id='line_1_18' title="bbox 404 1623 1809 1682; baseline 0.001 -13"><span class='ocrx_word' id='word_1_122' title='bbox 404 1623 545 1679; x_wconf 88' lang='lat' dir='ltr'>Pauli,</span> <span class='ocrx_word' id='word_1_123' title='bbox 576 1640 734 1671; x_wconf 88' lang='lat' dir='ltr'>comes</span> <span class='ocrx_word' id='word_1_124' title='bbox 768 1624 827 1672; x_wconf 91' lang='lat' dir='ltr'>de</span> <span class='ocrx_word' id='word_1_125' title='bbox 860 1629 1051 1682; x_wconf 80' lang='lat' dir='ltr'>Bresna,</span> <span class='ocrx_word' id='word_1_126' title='bbox 1081 1641 1239 1673; x_wconf 93' lang='lat' dir='ltr'>comes</span> <span class='ocrx_word' id='word_1_127' title='bbox 1273 1625 1528 1682; x_wconf 87' lang='lat' dir='ltr'>Haricurie,</span> <span class='ocrx_word' id='word_1_128' title='bbox 1558 1641 1717 1672; x_wconf 89' lang='lat' dir='ltr'>comes</span> <span class='ocrx_word' id='word_1_129' title='bbox 1751 1624 1809 1671; x_wconf 91' lang='lat' dir='ltr'>de</span> 
     </span>
     <span class='ocr_line' id='line_1_19' title="bbox 404 1699 1809 1757; baseline -0.001 -10"><span class='ocrx_word' id='word_1_130' title='bbox 404 1699 576 1747; x_wconf 88' lang='lat' dir='ltr'>Grandi</span> <span class='ocrx_word' id='word_1_131' title='bbox 612 1703 766 1756; x_wconf 86' lang='lat' dir='ltr'>Prato,</span> <span class='ocrx_word' id='word_1_132' title='bbox 805 1700 1024 1748; x_wconf 90' lang='lat' dir='ltr'>dominus</span> <span class='ocrx_word' id='word_1_133' title='bbox 1057 1701 1114 1747; x_wconf 92' lang='lat' dir='ltr'>de</span> <span class='ocrx_word' id='word_1_134' title='bbox 1152 1701 1456 1757; x_wconf 88' lang='lat' dir='ltr'>Morenciaco,</span> <span class='ocrx_word' id='word_1_135' title='bbox 1496 1700 1712 1748; x_wconf 90' lang='lat' dir='ltr'>dominus</span> <span class='ocrx_word' id='word_1_136' title='bbox 1750 1699 1809 1746; x_wconf 91' lang='lat' dir='ltr'>de</span> 
     </span>
     <span class='ocr_line' id='line_1_20' title="bbox 404 1776 1808 1840; baseline 0.001 -18"><span class='ocrx_word' id='word_1_137' title='bbox 404 1779 624 1840; x_wconf 87' lang='lat' dir='ltr'>Hangest,</span> <span class='ocrx_word' id='word_1_138' title='bbox 648 1776 866 1824; x_wconf 87' lang='lat' dir='ltr'>dominus</span> <span class='ocrx_word' id='word_1_139' title='bbox 885 1777 944 1824; x_wconf 91' lang='lat' dir='ltr'>de</span> <span class='ocrx_word' id='word_1_140' title='bbox 969 1780 1137 1825; x_wconf 86' lang='lat' dir='ltr'>Sancto</span> <span class='ocrx_word' id='word_1_141' title='bbox 1155 1777 1395 1834; x_wconf 89' lang='lat' dir='ltr'>Venando,</span> <span class='ocrx_word' id='word_1_142' title='bbox 1424 1777 1640 1825; x_wconf 89' lang='lat' dir='ltr'>dominus</span> <span class='ocrx_word' id='word_1_143' title='bbox 1665 1777 1808 1824; x_wconf 90' lang='lat' dir='ltr'>d’An—</span> 
     </span>
     <span class='ocr_line' id='line_1_21' title="bbox 404 1851 1811 1916; baseline 0.001 -18"><span class='ocrx_word' id='word_1_144' title='bbox 404 1851 573 1909; x_wconf 89' lang='lat' dir='ltr'>dresel,</span> <span class='ocrx_word' id='word_1_145' title='bbox 604 1852 821 1901; x_wconf 86' lang='lat' dir='ltr'>dominus</span> <span class='ocrx_word' id='word_1_146' title='bbox 851 1853 909 1900; x_wconf 89' lang='lat' dir='ltr'>de</span> <span class='ocrx_word' id='word_1_147' title='bbox 942 1854 1184 1911; x_wconf 86' lang='lat' dir='ltr'>Couciaco,</span> <span class='ocrx_word' id='word_1_148' title='bbox 1214 1854 1431 1902; x_wconf 90' lang='lat' dir='ltr'>dominus</span> <span class='ocrx_word' id='word_1_149' title='bbox 1457 1853 1515 1902; x_wconf 89' lang='lat' dir='ltr'>de</span> <span class='ocrx_word' id='word_1_150' title='bbox 1547 1856 1677 1916; x_wconf 85' lang='lat' dir='ltr'>Rupe</span> <span class='ocrx_word' id='word_1_151' title='bbox 1702 1853 1811 1900; x_wconf 89' lang='lat' dir='ltr'>Gui-</span> 
     </span>
    </p>
   </div>
   <div class='ocr_carea' id='block_1_4' title="bbox 406 2015 1812 2709">
    <p class='ocr_par' dir='ltr' id='par_1_4' title="bbox 455 2015 1012 2062">
     <span class='ocr_line' id='line_1_22' title="bbox 455 2015 1012 2062; baseline 0.005 -12"><span class='ocrx_word' id='word_1_152' title='bbox 455 2016 486 2050; x_wconf 93' lang='grc'>1.</span> <span class='ocrx_word' id='word_1_153' title='bbox 511 2015 581 2051; x_wconf 88' lang='lat' dir='ltr'>Ms.</span> <span class='ocrx_word' id='word_1_154' title='bbox 604 2027 740 2060; x_wconf 64' lang='lat' dir='ltr'>magma</span> <span class='ocrx_word' id='word_1_155' title='bbox 758 2019 882 2061; x_wconf 71' lang='lat' dir='ltr'>portio</span> <span class='ocrx_word' id='word_1_156' title='bbox 903 2020 1012 2062; x_wconf 70' lang='lat' dir='ltr'>reyis.</span> 
     </span>
    </p>

    <p class='ocr_par' dir='ltr' id='par_1_5' title="bbox 406 2073 1812 2709">
     <span class='ocr_line' id='line_1_23' title="bbox 452 2073 1810 2123; baseline 0.004 -15"><span class='ocrx_word' id='word_1_157' title='bbox 452 2073 486 2108; x_wconf 71' lang='lat'>2.</span> <span class='ocrx_word' id='word_1_158' title='bbox 512 2074 563 2110; x_wconf 92' lang='lat' dir='ltr'>Le</span> <span class='ocrx_word' id='word_1_159' title='bbox 590 2074 646 2110; x_wconf 86' lang='lat' dir='ltr'>roi</span> <span class='ocrx_word' id='word_1_160' title='bbox 671 2074 771 2110; x_wconf 83' lang='lat' dir='ltr'>Jean</span> <span class='ocrx_word' id='word_1_161' title='bbox 801 2086 849 2111; x_wconf 90' lang='lat' dir='ltr'>ne</span> <span class='ocrx_word' id='word_1_162' title='bbox 877 2076 986 2112; x_wconf 82' lang='lat' dir='ltr'>tarda</span> <span class='ocrx_word' id='word_1_163' title='bbox 1015 2086 1082 2122; x_wconf 83' lang='lat' dir='ltr'>pas</span> <span class='ocrx_word' id='word_1_164' title='bbox 1112 2076 1134 2111; x_wconf 68' lang='lat' dir='ltr'>a</span> <span class='ocrx_word' id='word_1_165' title='bbox 1163 2076 1434 2123; x_wconf 74' lang='lat' dir='ltr'>recompenses</span> <span class='ocrx_word' id='word_1_166' title='bbox 1460 2087 1531 2113; x_wconf 88' lang='lat' dir='ltr'>son</span> <span class='ocrx_word' id='word_1_167' title='bbox 1555 2077 1652 2113; x_wconf 83' lang='lat' dir='ltr'>frere</span> <span class='ocrx_word' id='word_1_168' title='bbox 1673 2076 1718 2112; x_wconf 87' lang='lat' dir='ltr'>de</span> <span class='ocrx_word' id='word_1_169' title='bbox 1740 2087 1810 2113; x_wconf 89' lang='lat' dir='ltr'>son</span> 
     </span>
     <span class='ocr_line' id='line_1_24' title="bbox 406 2132 1811 2182; baseline 0.003 -15"><span class='ocrx_word' id='word_1_170' title='bbox 406 2132 676 2178; x_wconf 81' lang='lat' dir='ltr'>devouement,</span> <span class='ocrx_word' id='word_1_171' title='bbox 705 2144 856 2169; x_wconf 87' lang='lat' dir='ltr'>comme</span> <span class='ocrx_word' id='word_1_172' title='bbox 887 2134 921 2170; x_wconf 90' lang='grc'>16</span> <span class='ocrx_word' id='word_1_173' title='bbox 947 2145 1091 2181; x_wconf 81' lang='lat' dir='ltr'>prouve</span> <span class='ocrx_word' id='word_1_174' title='bbox 1119 2136 1154 2170; x_wconf 93' lang='grc'>16</span> <span class='ocrx_word' id='word_1_175' title='bbox 1180 2135 1256 2171; x_wconf 91' lang='lat' dir='ltr'>don</span> <span class='ocrx_word' id='word_1_176' title='bbox 1282 2135 1374 2182; x_wconf 88' lang='lat' dir='ltr'>qu&#39;il</span> <span class='ocrx_word' id='word_1_177' title='bbox 1400 2135 1454 2171; x_wconf 90' lang='lat' dir='ltr'>lui</span> <span class='ocrx_word' id='word_1_178' title='bbox 1480 2136 1522 2171; x_wconf 79' lang='lat' dir='ltr'>fit</span> <span class='ocrx_word' id='word_1_179' title='bbox 1550 2136 1585 2172; x_wconf 98' lang='grc'>16</span> <span class='ocrx_word' id='word_1_180' title='bbox 1607 2136 1648 2171; x_wconf 85' lang='grc'>14</span> <span class='ocrx_word' id='word_1_181' title='bbox 1670 2136 1811 2172; x_wconf 78' lang='lat' dir='ltr'>sevrier</span> 
     </span>
     <span class='ocr_line' id='line_1_25' title="bbox 407 2190 1810 2241; baseline 0.004 -16"><span class='ocrx_word' id='word_1_182' title='bbox 407 2190 573 2226; x_wconf 80' lang='lat' dir='ltr'>suivant.</span> <span class='ocrx_word' id='word_1_183' title='bbox 600 2205 615 2224; x_wconf 89' lang='lat'>«</span> <span class='ocrx_word' id='word_1_184' title='bbox 639 2192 818 2228; x_wconf 87' lang='lat' dir='ltr'>Vidimus</span> <span class='ocrx_word' id='word_1_185' title='bbox 844 2204 912 2239; x_wconf 80' lang='lat' dir='ltr'>par</span> <span class='ocrx_word' id='word_1_186' title='bbox 937 2193 1037 2229; x_wconf 85' lang='lat' dir='ltr'>Jean</span> <span class='ocrx_word' id='word_1_187' title='bbox 1066 2193 1249 2240; x_wconf 84' lang='lat' dir='ltr'>Auberis,</span> <span class='ocrx_word' id='word_1_188' title='bbox 1276 2195 1432 2241; x_wconf 81' lang='lat' dir='ltr'>ecuyer,</span> <span class='ocrx_word' id='word_1_189' title='bbox 1455 2194 1570 2241; x_wconf 84' lang='lat' dir='ltr'>garde</span> <span class='ocrx_word' id='word_1_190' title='bbox 1595 2205 1691 2241; x_wconf 90' lang='lat' dir='ltr'>pour</span> <span class='ocrx_word' id='word_1_191' title='bbox 1717 2195 1810 2230; x_wconf 88' lang='lat' dir='ltr'>Phi-</span> 
     </span>
     <span class='ocr_line' id='line_1_26' title="bbox 406 2249 1810 2298; baseline 0.004 -15"><span class='ocrx_word' id='word_1_192' title='bbox 406 2249 520 2296; x_wconf 84' lang='lat' dir='ltr'>lippe,</span> <span class='ocrx_word' id='word_1_193' title='bbox 542 2249 601 2285; x_wconf 88' lang='lat' dir='ltr'>fils</span> <span class='ocrx_word' id='word_1_194' title='bbox 622 2249 666 2285; x_wconf 83' lang='lat' dir='ltr'>de</span> <span class='ocrx_word' id='word_1_195' title='bbox 688 2261 756 2297; x_wconf 88' lang='lat' dir='ltr'>roy</span> <span class='ocrx_word' id='word_1_196' title='bbox 777 2250 822 2286; x_wconf 87' lang='lat' dir='ltr'>de</span> <span class='ocrx_word' id='word_1_197' title='bbox 843 2251 1006 2298; x_wconf 82' lang='lat' dir='ltr'>France,</span> <span class='ocrx_word' id='word_1_198' title='bbox 1028 2251 1101 2288; x_wconf 87' lang='lat' dir='ltr'>duc</span> <span class='ocrx_word' id='word_1_199' title='bbox 1121 2251 1337 2297; x_wconf 83' lang='lat' dir='ltr'>d&#39;Orleans,</span> <span class='ocrx_word' id='word_1_200' title='bbox 1358 2252 1407 2288; x_wconf 87' lang='lat' dir='ltr'>du</span> <span class='ocrx_word' id='word_1_201' title='bbox 1430 2264 1546 2289; x_wconf 84' lang='lat' dir='ltr'>sceau</span> <span class='ocrx_word' id='word_1_202' title='bbox 1561 2252 1607 2289; x_wconf 91' lang='lat' dir='ltr'>de</span> <span class='ocrx_word' id='word_1_203' title='bbox 1627 2254 1663 2289; x_wconf 84' lang='lat' dir='ltr'>la</span> <span class='ocrx_word' id='word_1_204' title='bbox 1683 2253 1810 2288; x_wconf 82' lang='lat' dir='ltr'>baillie</span> 
     </span>
     <span class='ocr_line' id='line_1_27' title="bbox 406 2307 1812 2358; baseline 0.003 -15"><span class='ocrx_word' id='word_1_205' title='bbox 406 2307 452 2343; x_wconf 88' lang='lat' dir='ltr'>de</span> <span class='ocrx_word' id='word_1_206' title='bbox 474 2307 730 2344; x_wconf 82' lang='lat' dir='ltr'>Vermandois</span> <span class='ocrx_word' id='word_1_207' title='bbox 751 2309 773 2344; x_wconf 75' lang='lat' dir='ltr'>a</span> <span class='ocrx_word' id='word_1_208' title='bbox 793 2309 956 2357; x_wconf 84' lang='lat' dir='ltr'>Chauny</span> <span class='ocrx_word' id='word_1_209' title='bbox 982 2310 1031 2346; x_wconf 90' lang='lat' dir='ltr'>du</span> <span class='ocrx_word' id='word_1_210' title='bbox 1061 2311 1106 2347; x_wconf 64' lang='lat'>⁶26</span> <span class='ocrx_word' id='word_1_211' title='bbox 1132 2322 1236 2346; x_wconf 85' lang='lat' dir='ltr'>mars</span> <span class='ocrx_word' id='word_1_212' title='bbox 1264 2311 1367 2357; x_wconf 75' lang='lat'>1360,</span> <span class='ocrx_word' id='word_1_213' title='bbox 1390 2311 1456 2347; x_wconf 89' lang='lat' dir='ltr'>des</span> <span class='ocrx_word' id='word_1_214' title='bbox 1482 2312 1615 2348; x_wconf 81' lang='lat' dir='ltr'>lettres</span> <span class='ocrx_word' id='word_1_215' title='bbox 1635 2316 1812 2358; x_wconf 86' lang='lat' dir='ltr'>patentes</span> 
     </span>
     <span class='ocr_line' id='line_1_28' title="bbox 406 2365 1811 2416; baseline 0.003 -16"><span class='ocrx_word' id='word_1_216' title='bbox 406 2365 452 2401; x_wconf 90' lang='lat' dir='ltr'>de</span> <span class='ocrx_word' id='word_1_217' title='bbox 472 2365 586 2411; x_wconf 80' lang='lat' dir='ltr'>Jean,</span> <span class='ocrx_word' id='word_1_218' title='bbox 608 2377 676 2413; x_wconf 84' lang='lat' dir='ltr'>roy</span> <span class='ocrx_word' id='word_1_219' title='bbox 696 2366 742 2402; x_wconf 84' lang='lat' dir='ltr'>de</span> <span class='ocrx_word' id='word_1_220' title='bbox 763 2367 926 2413; x_wconf 82' lang='lat' dir='ltr'>France,</span> <span class='ocrx_word' id='word_1_221' title='bbox 948 2379 1015 2414; x_wconf 86' lang='lat' dir='ltr'>par</span> <span class='ocrx_word' id='word_1_222' title='bbox 1035 2368 1252 2415; x_wconf 83' lang='lat' dir='ltr'>lesquelles,</span> <span class='ocrx_word' id='word_1_223' title='bbox 1270 2368 1470 2405; x_wconf 78' lang='lat' dir='ltr'>considere</span> <span class='ocrx_word' id='word_1_224' title='bbox 1486 2369 1539 2404; x_wconf 88' lang='lat' dir='ltr'>les</span> <span class='ocrx_word' id='word_1_225' title='bbox 1558 2368 1698 2416; x_wconf 82' lang='lat' dir='ltr'>grands</span> <span class='ocrx_word' id='word_1_226' title='bbox 1720 2369 1811 2404; x_wconf 84' lang='lat' dir='ltr'>frais</span> 
     </span>
     <span class='ocr_line' id='line_1_29' title="bbox 407 2424 1811 2474; baseline 0.002 -15"><span class='ocrx_word' id='word_1_227' title='bbox 407 2435 480 2471; x_wconf 91' lang='lat' dir='ltr'>que</span> <span class='ocrx_word' id='word_1_228' title='bbox 500 2424 676 2471; x_wconf 84' lang='lat' dir='ltr'>Philippe</span> <span class='ocrx_word' id='word_1_229' title='bbox 698 2437 766 2462; x_wconf 89' lang='lat' dir='ltr'>son</span> <span class='ocrx_word' id='word_1_230' title='bbox 789 2426 900 2472; x_wconf 81' lang='lat' dir='ltr'>frere,</span> <span class='ocrx_word' id='word_1_231' title='bbox 922 2426 994 2463; x_wconf 89' lang='lat' dir='ltr'>duc</span> <span class='ocrx_word' id='word_1_232' title='bbox 1014 2426 1227 2471; x_wconf 79' lang='lat' dir='ltr'>d&#39;Orleans,</span> <span class='ocrx_word' id='word_1_233' title='bbox 1250 2438 1272 2463; x_wconf 83' lang='lat' dir='ltr'>a</span> <span class='ocrx_word' id='word_1_234' title='bbox 1301 2427 1500 2474; x_wconf 82' lang='lat' dir='ltr'>supportes</span> <span class='ocrx_word' id='word_1_235' title='bbox 1523 2438 1619 2473; x_wconf 84' lang='lat' dir='ltr'>pour</span> <span class='ocrx_word' id='word_1_236' title='bbox 1639 2427 1675 2463; x_wconf 85' lang='lat' dir='ltr'>la</span> <span class='ocrx_word' id='word_1_237' title='bbox 1697 2427 1811 2473; x_wconf 81' lang='lat' dir='ltr'>garde</span> 
     </span>
     <span class='ocr_line' id='line_1_30' title="bbox 407 2482 1810 2533; baseline 0.003 -16"><span class='ocrx_word' id='word_1_238' title='bbox 407 2482 452 2518; x_wconf 85' lang='lat' dir='ltr'>de</span> <span class='ocrx_word' id='word_1_239' title='bbox 474 2493 535 2518; x_wconf 85' lang='lat' dir='ltr'>ses</span> <span class='ocrx_word' id='word_1_240' title='bbox 556 2483 682 2529; x_wconf 83' lang='lat' dir='ltr'>places</span> <span class='ocrx_word' id='word_1_241' title='bbox 704 2489 740 2519; x_wconf 93' lang='lat' dir='ltr'>et</span> <span class='ocrx_word' id='word_1_242' title='bbox 762 2485 952 2520; x_wconf 74' lang='lat' dir='ltr'>cliateaux</span> <span class='ocrx_word' id='word_1_243' title='bbox 973 2491 1010 2521; x_wconf 85' lang='lat' dir='ltr'>et</span> <span class='ocrx_word' id='word_1_244' title='bbox 1030 2496 1145 2532; x_wconf 84' lang='lat' dir='ltr'>parce</span> <span class='ocrx_word' id='word_1_245' title='bbox 1165 2486 1255 2533; x_wconf 80' lang='lat' dir='ltr'>qu&#39;il</span> <span class='ocrx_word' id='word_1_246' title='bbox 1271 2485 1360 2521; x_wconf 87' lang='lat' dir='ltr'>s&#39;est</span> <span class='ocrx_word' id='word_1_247' title='bbox 1381 2486 1453 2521; x_wconf 87' lang='lat' dir='ltr'>mis</span> <span class='ocrx_word' id='word_1_248' title='bbox 1475 2485 1741 2521; x_wconf 78' lang='lat' dir='ltr'>liberalement</span> <span class='ocrx_word' id='word_1_249' title='bbox 1762 2497 1810 2522; x_wconf 89' lang='lat' dir='ltr'>en</span> 
     </span>
     <span class='ocr_line' id='line_1_31' title="bbox 409 2542 1811 2591; baseline 0.002 -14"><span class='ocrx_word' id='word_1_250' title='bbox 409 2547 519 2587; x_wconf 85' lang='lat' dir='ltr'>otage</span> <span class='ocrx_word' id='word_1_251' title='bbox 539 2553 635 2588; x_wconf 89' lang='lat' dir='ltr'>pour</span> <span class='ocrx_word' id='word_1_252' title='bbox 656 2553 698 2578; x_wconf 80' lang='lat' dir='ltr'>sa</span> <span class='ocrx_word' id='word_1_253' title='bbox 717 2542 951 2590; x_wconf 76' lang='lat' dir='ltr'>delivrance,</span> <span class='ocrx_word' id='word_1_254' title='bbox 973 2544 1000 2579; x_wconf 83' lang='lat' dir='ltr'>il</span> <span class='ocrx_word' id='word_1_255' title='bbox 1021 2545 1086 2591; x_wconf 85' lang='lat' dir='ltr'>luy</span> <span class='ocrx_word' id='word_1_256' title='bbox 1114 2544 1274 2581; x_wconf 83' lang='lat' dir='ltr'>accorde</span> <span class='ocrx_word' id='word_1_257' title='bbox 1294 2544 1314 2580; x_wconf 89' lang='grc'>4</span> <span class='ocrx_word' id='word_1_258' title='bbox 1335 2544 1488 2580; x_wconf 84' lang='lat' dir='ltr'>deniers</span> <span class='ocrx_word' id='word_1_259' title='bbox 1508 2544 1573 2580; x_wconf 88' lang='lat' dir='ltr'>des</span> <span class='ocrx_word' id='word_1_260' title='bbox 1597 2544 1639 2580; x_wconf 75' lang='lat'>12</span> <span class='ocrx_word' id='word_1_261' title='bbox 1658 2544 1811 2580; x_wconf 87' lang='lat' dir='ltr'>deniers</span> 
     </span>
     <span class='ocr_line' id='line_1_32' title="bbox 408 2601 1810 2651; baseline 0.002 -15"><span class='ocrx_word' id='word_1_262' title='bbox 408 2601 513 2637; x_wconf 87' lang='lat' dir='ltr'>leves</span> <span class='ocrx_word' id='word_1_263' title='bbox 535 2612 584 2637; x_wconf 91' lang='lat' dir='ltr'>en</span> <span class='ocrx_word' id='word_1_264' title='bbox 599 2613 658 2637; x_wconf 90' lang='lat' dir='ltr'>ses</span> <span class='ocrx_word' id='word_1_265' title='bbox 674 2608 795 2639; x_wconf 86' lang='lat' dir='ltr'>terres</span> <span class='ocrx_word' id='word_1_266' title='bbox 810 2614 876 2638; x_wconf 88' lang='lat' dir='ltr'>sur</span> <span class='ocrx_word' id='word_1_267' title='bbox 892 2609 1019 2640; x_wconf 84' lang='lat' dir='ltr'>toutes</span> <span class='ocrx_word' id='word_1_268' title='bbox 1033 2604 1209 2651; x_wconf 83' lang='lat' dir='ltr'>denrees,</span> <span class='ocrx_word' id='word_1_269' title='bbox 1225 2604 1405 2640; x_wconf 78' lang='lat' dir='ltr'>accordes</span> <span class='ocrx_word' id='word_1_270' title='bbox 1420 2615 1516 2650; x_wconf 88' lang='lat' dir='ltr'>pour</span> <span class='ocrx_word' id='word_1_271' title='bbox 1529 2615 1571 2640; x_wconf 81' lang='lat' dir='ltr'>sa</span> <span class='ocrx_word' id='word_1_272' title='bbox 1590 2604 1810 2641; x_wconf 79' lang='lat' dir='ltr'>delivrance</span> 
     </span>
     <span class='ocr_line' id='line_1_33' title="bbox 408 2660 1809 2709; baseline 0.001 -14"><span class='ocrx_word' id='word_1_273' title='bbox 408 2660 503 2695; x_wconf 78' lang='lat' dir='ltr'>dans</span> <span class='ocrx_word' id='word_1_274' title='bbox 525 2665 608 2696; x_wconf 86' lang='lat' dir='ltr'>tout</span> <span class='ocrx_word' id='word_1_275' title='bbox 629 2662 662 2696; x_wconf 89' lang='grc'>16</span> <span class='ocrx_word' id='word_1_276' title='bbox 684 2672 881 2708; x_wconf 77' lang='lat' dir='ltr'>royaume.</span> <span class='ocrx_word' id='word_1_277' title='bbox 905 2662 1065 2699; x_wconf 81' lang='lat' dir='ltr'>Dattees</span> <span class='ocrx_word' id='word_1_278' title='bbox 1086 2675 1132 2699; x_wconf 82' lang='lat' dir='ltr'>au</span> <span class='ocrx_word' id='word_1_279' title='bbox 1154 2663 1524 2709; x_wconf 85' lang='lat' dir='ltr'>Louvre-lez-Paris,</span> <span class='ocrx_word' id='word_1_280' title='bbox 1546 2664 1579 2699; x_wconf 90' lang='grc'>16</span> <span class='ocrx_word' id='word_1_281' title='bbox 1608 2663 1649 2699; x_wconf 90' lang='grc'>14</span> <span class='ocrx_word' id='word_1_282' title='bbox 1671 2663 1809 2700; x_wconf 74' lang='lat' dir='ltr'>sevrier</span> 
     </span>
    </p>
   </div>
   <div class='ocr_carea' id='block_1_5' title="bbox 410 2719 1810 2826">
    <p class='ocr_par' dir='ltr' id='par_1_6' title="bbox 410 2719 1810 2826">
     <span class='ocr_line' id='line_1_34' title="bbox 410 2719 1810 2769; baseline 0.003 -15"><span class='ocrx_word' id='word_1_283' title='bbox 410 2719 500 2754; x_wconf 83' lang='lat'>1360</span> <span class='ocrx_word' id='word_1_284' title='bbox 529 2733 545 2752; x_wconf 87' lang='lat'>»</span> <span class='ocrx_word' id='word_1_285' title='bbox 580 2721 799 2764; x_wconf 72' lang='lat' dir='ltr'>(Inventaire</span> <span class='ocrx_word' id='word_1_286' title='bbox 827 2732 894 2757; x_wconf 81' lang='lat' dir='ltr'>ms.</span> <span class='ocrx_word' id='word_1_287' title='bbox 920 2723 978 2757; x_wconf 74' lang='lat' dir='ltr'>des</span> <span class='ocrx_word' id='word_1_288' title='bbox 1008 2725 1109 2758; x_wconf 73' lang='lat' dir='ltr'>titres</span> <span class='ocrx_word' id='word_1_289' title='bbox 1137 2724 1179 2758; x_wconf 79' lang='lat' dir='ltr'>de</span> <span class='ocrx_word' id='word_1_290' title='bbox 1205 2724 1483 2767; x_wconf 76' lang='lat' dir='ltr'>Joursanvauzt‚</span> <span class='ocrx_word' id='word_1_291' title='bbox 1514 2722 1662 2758; x_wconf 87' lang='lat' dir='ltr'>British</span> <span class='ocrx_word' id='word_1_292' title='bbox 1691 2722 1810 2769; x_wconf 64' lang='lat' dir='ltr'>Mus,</span> 
     </span>
     <span class='ocr_line' id='line_1_35' title="bbox 410 2778 1139 2826; baseline 0.008 -15"><span class='ocrx_word' id='word_1_293' title='bbox 410 2778 531 2812; x_wconf 58' lang='lat' dir='ltr'>Addit.</span> <span class='ocrx_word' id='word_1_294' title='bbox 556 2790 640 2814; x_wconf 78' lang='lat' dir='ltr'>mss.</span> <span class='ocrx_word' id='word_1_295' title='bbox 666 2779 791 2826; x_wconf 80' lang='grc'>11540,</span> <span class='ocrx_word' id='word_1_296' title='bbox 815 2779 876 2816; x_wconf 87' lang='lat' dir='ltr'>fol.</span> <span class='ocrx_word' id='word_1_297' title='bbox 901 2780 958 2825; x_wconf 80' lang='lat'>90,</span> <span class='ocrx_word' id='word_1_298' title='bbox 981 2790 1024 2816; x_wconf 85' lang='lat' dir='ltr'>n⁰</span> <span class='ocrx_word' id='word_1_299' title='bbox 1045 2781 1139 2826; x_wconf 79' lang='lat'>934).</span> 
     </span>
    </p>
   </div>
  </div>
 </body>
</html>
