<?xml version="1.0" encoding="UTF-8"?>
<!DOCTYPE html PUBLIC "-//W3C//DTD XHTML 1.0 Transitional//EN"
    "http://www.w3.org/TR/xhtml1/DTD/xhtml1-transitional.dtd">
<html xmlns="http://www.w3.org/1999/xhtml" xml:lang="en" lang="en">
 <head>
  <title>
</title>
<meta http-equiv="Content-Type" content="text/html;charset=utf-8" />
  <meta name='ocr-system' content='tesseract 3.04.00' />
  <meta name='ocr-capabilities' content='ocr_page ocr_carea ocr_par ocr_line ocrx_word'/>
</head>
<body>
  <div class='ocr_page' id='page_1' title='image "./chroniquedericha00lescuoft_0082.png"; bbox 0 0 2060 3345; ppageno 0'>
   <div class='ocr_carea' id='block_1_1' title="bbox 404 332 1793 379">
    <p class='ocr_par' dir='ltr' id='par_1_1' title="bbox 404 332 1793 379">
     <span class='ocr_line' id='line_1_1' title="bbox 404 332 1793 379; baseline -0.005 -4"><span class='ocrx_word' id='word_1_1' title='bbox 404 340 445 375; x_wconf 67' lang='grc'>’12</span> <span class='ocrx_word' id='word_1_2' title='bbox 772 339 977 372; x_wconf 77' lang='lat' dir='ltr'>RICIIARDI</span> <span class='ocrx_word' id='word_1_3' title='bbox 1005 337 1131 370; x_wconf 90' lang='lat' dir='ltr'>SCOTI</span> <span class='ocrx_word' id='word_1_4' title='bbox 1160 336 1424 369; x_wconf 83' lang='lat' dir='ltr'>CHRONICON.</span> <span class='ocrx_word' id='word_1_5' title='bbox 1689 332 1793 379; x_wconf 66' lang='lat'>[1329</span> 
     </span>
    </p>
   </div>
   <div class='ocr_carea' id='block_1_2' title="bbox 395 414 1796 939">
    <p class='ocr_par' dir='ltr' id='par_1_2' title="bbox 395 414 1795 710">
     <span class='ocr_line' id='line_1_2' title="bbox 397 414 1795 479; baseline -0.005 -11"><span class='ocrx_word' id='word_1_6' title='bbox 397 421 565 468; x_wconf 85' lang='lat' dir='ltr'>iterum</span> <span class='ocrx_word' id='word_1_7' title='bbox 600 419 712 466; x_wconf 86' lang='lat' dir='ltr'>alios</span> <span class='ocrx_word' id='word_1_8' title='bbox 744 417 937 464; x_wconf 83' lang='lat' dir='ltr'>nuncios</span> <span class='ocrx_word' id='word_1_9' title='bbox 968 416 1014 462; x_wconf 93' lang='lat' dir='ltr'>in</span> <span class='ocrx_word' id='word_1_10' title='bbox 1042 415 1254 479; x_wconf 87' lang='lat' dir='ltr'>Angliam</span> <span class='ocrx_word' id='word_1_11' title='bbox 1279 415 1336 462; x_wconf 91' lang='lat' dir='ltr'>ad</span> <span class='ocrx_word' id='word_1_12' title='bbox 1364 431 1522 478; x_wconf 88' lang='lat' dir='ltr'>regem</span> <span class='ocrx_word' id='word_1_13' title='bbox 1550 414 1720 461; x_wconf 87' lang='lat' dir='ltr'>direxit</span> <span class='ocrx_word' id='word_1_14' title='bbox 1746 421 1795 462; x_wconf 91' lang='lat' dir='ltr'>ut</span> 
     </span>
     <span class='ocr_line' id='line_1_3' title="bbox 396 490 1795 554; baseline -0.006 -10"><span class='ocrx_word' id='word_1_15' title='bbox 396 497 590 544; x_wconf 81' lang='lat' dir='ltr'>citarent</span> <span class='ocrx_word' id='word_1_16' title='bbox 616 510 722 542; x_wconf 91' lang='lat' dir='ltr'>eum</span> <span class='ocrx_word' id='word_1_17' title='bbox 750 510 839 540; x_wconf 90' lang='lat' dir='ltr'>una</span> <span class='ocrx_word' id='word_1_18' title='bbox 863 491 961 538; x_wconf 86' lang='lat' dir='ltr'>vice</span> <span class='ocrx_word' id='word_1_19' title='bbox 989 508 1076 554; x_wconf 86' lang='lat' dir='ltr'>pro</span> <span class='ocrx_word' id='word_1_20' title='bbox 1095 491 1311 539; x_wconf 88' lang='lat' dir='ltr'>omnibus</span> <span class='ocrx_word' id='word_1_21' title='bbox 1332 507 1473 554; x_wconf 87' lang='lat' dir='ltr'>super</span> <span class='ocrx_word' id='word_1_22' title='bbox 1491 490 1615 537; x_wconf 87' lang='lat' dir='ltr'>dicto</span> <span class='ocrx_word' id='word_1_23' title='bbox 1634 491 1795 537; x_wconf 89' lang='lat' dir='ltr'>homa-</span> 
     </span>
     <span class='ocr_line' id='line_1_4' title="bbox 396 567 1795 637; baseline -0.005 -17"><span class='ocrx_word' id='word_1_24' title='bbox 396 573 472 637; x_wconf 84' lang='lat' dir='ltr'>gio</span> <span class='ocrx_word' id='word_1_25' title='bbox 492 570 719 619; x_wconf 89' lang='lat' dir='ltr'>faciendo.</span> <span class='ocrx_word' id='word_1_26' title='bbox 744 568 876 627; x_wconf 81' lang='lat' dir='ltr'>Quod</span> <span class='ocrx_word' id='word_1_27' title='bbox 903 568 940 615; x_wconf 88' lang='lat' dir='ltr'>si</span> <span class='ocrx_word' id='word_1_28' title='bbox 967 568 1236 632; x_wconf 72' lang='lat' dir='ltr'>negligeret,</span> <span class='ocrx_word' id='word_1_29' title='bbox 1263 574 1424 615; x_wconf 86' lang='lat' dir='ltr'>contra</span> <span class='ocrx_word' id='word_1_30' title='bbox 1450 567 1604 630; x_wconf 86' lang='lat' dir='ltr'>ipsum</span> <span class='ocrx_word' id='word_1_31' title='bbox 1631 583 1795 629; x_wconf 86' lang='lat' dir='ltr'>proce-</span> 
     </span>
     <span class='ocr_line' id='line_1_5' title="bbox 395 643 1790 710; baseline -0.005 -14"><span class='ocrx_word' id='word_1_32' title='bbox 395 649 529 696; x_wconf 88' lang='lat' dir='ltr'>deret</span> <span class='ocrx_word' id='word_1_33' title='bbox 554 652 779 710; x_wconf 88' lang='lat' dir='ltr'>quantum</span> <span class='ocrx_word' id='word_1_34' title='bbox 804 650 926 692; x_wconf 86' lang='lat' dir='ltr'>esset</span> <span class='ocrx_word' id='word_1_35' title='bbox 952 645 1010 692; x_wconf 91' lang='lat' dir='ltr'>de</span> <span class='ocrx_word' id='word_1_36' title='bbox 1030 644 1137 708; x_wconf 88' lang='lat' dir='ltr'>jure</span> <span class='ocrx_word' id='word_1_37' title='bbox 1163 644 1207 691; x_wconf 88' lang='lat' dir='ltr'>in</span> <span class='ocrx_word' id='word_1_38' title='bbox 1234 644 1403 691; x_wconf 83' lang='lat' dir='ltr'>talibus</span> <span class='ocrx_word' id='word_1_39' title='bbox 1424 643 1790 707; x_wconf 86' lang='lat' dir='ltr'>procedendum.</span> 
     </span>
    </p>

    <p class='ocr_par' dir='ltr' id='par_1_3' title="bbox 395 719 1796 939">
     <span class='ocr_line' id='line_1_6' title="bbox 459 719 1794 786; baseline -0.004 -15"><span class='ocrx_word' id='word_1_40' title='bbox 459 726 539 773; x_wconf 66' lang='lat'>20.</span> <span class='ocrx_word' id='word_1_41' title='bbox 569 750 632 758; x_wconf 91' lang='lat'>—</span> <span class='ocrx_word' id='word_1_42' title='bbox 664 724 838 786; x_wconf 88' lang='lat' dir='ltr'>Regina</span> <span class='ocrx_word' id='word_1_43' title='bbox 879 721 1067 768; x_wconf 87' lang='lat' dir='ltr'>Francie</span> <span class='ocrx_word' id='word_1_44' title='bbox 1105 720 1289 783; x_wconf 85' lang='lat' dir='ltr'>peperit</span> <span class='ocrx_word' id='word_1_45' title='bbox 1327 720 1489 776; x_wconf 89' lang='lat' dir='ltr'>filium,</span> <span class='ocrx_word' id='word_1_46' title='bbox 1527 719 1605 781; x_wconf 89' lang='lat' dir='ltr'>qui</span> <span class='ocrx_word' id='word_1_47' title='bbox 1641 719 1794 766; x_wconf 87' lang='lat' dir='ltr'>statim</span> 
     </span>
     <span class='ocr_line' id='line_1_7' title="bbox 396 794 1796 846; baseline -0.003 0"><span class='ocrx_word' id='word_1_48' title='bbox 396 806 528 846; x_wconf 84' lang='lat' dir='ltr'>natus</span> <span class='ocrx_word' id='word_1_49' title='bbox 551 798 749 846; x_wconf 81' lang='lat' dir='ltr'>moritur</span> <span class='ocrx_word' id='word_1_50' title='bbox 767 803 813 845; x_wconf 93' lang='lat' dir='ltr'>et</span> <span class='ocrx_word' id='word_1_51' title='bbox 832 797 879 844; x_wconf 91' lang='lat' dir='ltr'>in</span> <span class='ocrx_word' id='word_1_52' title='bbox 897 797 1088 845; x_wconf 89' lang='lat' dir='ltr'>ecclesia</span> <span class='ocrx_word' id='word_1_53' title='bbox 1108 799 1322 844; x_wconf 85' lang='lat' dir='ltr'>Fratrum</span> <span class='ocrx_word' id='word_1_54' title='bbox 1341 796 1575 843; x_wconf 87' lang='lat' dir='ltr'>minorum</span> <span class='ocrx_word' id='word_1_55' title='bbox 1595 794 1796 843; x_wconf 87' lang='lat' dir='ltr'>Parisius</span> 
     </span>
     <span class='ocr_line' id='line_1_8' title="bbox 395 875 637 939; baseline -0.004 -16"><span class='ocrx_word' id='word_1_56' title='bbox 395 875 637 939; x_wconf 85' lang='lat' dir='ltr'>sepelitur.</span> 
     </span>
    </p>
   </div>
   <div class='ocr_carea' id='block_1_3' title="bbox 923 1013 1267 1060">
    <p class='ocr_par' dir='ltr' id='par_1_4' title="bbox 923 1013 1267 1060">
     <span class='ocr_line' id='line_1_9' title="bbox 923 1013 1267 1060; baseline -0.003 -1"><span class='ocrx_word' id='word_1_57' title='bbox 923 1015 964 1059; x_wconf 85' lang='lat' dir='ltr'>M</span> <span class='ocrx_word' id='word_1_58' title='bbox 987 1013 1088 1060; x_wconf 87' lang='lat' dir='ltr'>CCC</span> <span class='ocrx_word' id='word_1_59' title='bbox 1107 1013 1267 1059; x_wconf 82' lang='lat' dir='ltr'>XXIX.</span> 
     </span>
    </p>
   </div>
   <div class='ocr_carea' id='block_1_4' title="bbox 392 1156 1798 2065">
    <p class='ocr_par' dir='ltr' id='par_1_5' title="bbox 392 1156 1798 2065">
     <span class='ocr_line' id='line_1_10' title="bbox 457 1156 1798 1223; baseline -0.004 -15"><span class='ocrx_word' id='word_1_60' title='bbox 457 1162 579 1223; x_wconf 73' lang='lat' dir='ltr'><strong><em>24-f.</em></strong></span> <span class='ocrx_word' id='word_1_61' title='bbox 599 1188 662 1196; x_wconf 94' lang='lat'>—</span> <span class='ocrx_word' id='word_1_62' title='bbox 687 1160 822 1206; x_wconf 90' lang='lat' dir='ltr'>Anno</span> <span class='ocrx_word' id='word_1_63' title='bbox 842 1158 1023 1206; x_wconf 87' lang='lat' dir='ltr'>Domini</span> <span class='ocrx_word' id='word_1_64' title='bbox 1049 1157 1220 1206; x_wconf 61' lang='grc' dir='ltr'>1110000ο</span> <span class='ocrx_word' id='word_1_65' title='bbox 1241 1156 1393 1214; x_wconf 68' lang='grc' dir='ltr'>ΧΧΙΧΟ,</span> <span class='ocrx_word' id='word_1_66' title='bbox 1425 1157 1661 1204; x_wconf 88' lang='lat' dir='ltr'>Dominica</span> <span class='ocrx_word' id='word_1_67' title='bbox 1690 1162 1798 1219; x_wconf 89' lang='lat' dir='ltr'>post</span> 
     </span>
     <span class='ocr_line' id='line_1_11' title="bbox 393 1233 1797 1299; baseline -0.004 -15"><span class='ocrx_word' id='word_1_68' title='bbox 393 1237 663 1284; x_wconf 84' lang='lat' dir='ltr'>Trinitatem</span> <span class='ocrx_word' id='word_1_69' title='bbox 690 1253 773 1282; x_wconf 85' lang='lat' dir='ltr'>rex</span> <span class='ocrx_word' id='word_1_70' title='bbox 808 1234 970 1299; x_wconf 89' lang='lat' dir='ltr'>Anglie</span> <span class='ocrx_word' id='word_1_71' title='bbox 998 1250 1126 1281; x_wconf 87' lang='lat' dir='ltr'>mare</span> <span class='ocrx_word' id='word_1_72' title='bbox 1151 1233 1382 1280; x_wconf 87' lang='lat' dir='ltr'>transiens</span> <span class='ocrx_word' id='word_1_73' title='bbox 1409 1233 1535 1279; x_wconf 88' lang='lat' dir='ltr'>venit</span> <span class='ocrx_word' id='word_1_74' title='bbox 1560 1233 1797 1280; x_wconf 84' lang='lat' dir='ltr'>Ambianis</span> 
     </span>
     <span class='ocr_line' id='line_1_12' title="bbox 392 1309 1797 1374; baseline -0.004 -13"><span class='ocrx_word' id='word_1_75' title='bbox 392 1314 468 1361; x_wconf 90' lang='lat' dir='ltr'>ubi</span> <span class='ocrx_word' id='word_1_76' title='bbox 507 1330 590 1360; x_wconf 83' lang='lat' dir='ltr'>rex</span> <span class='ocrx_word' id='word_1_77' title='bbox 624 1311 813 1360; x_wconf 83' lang='lat' dir='ltr'>Francie</span> <span class='ocrx_word' id='word_1_78' title='bbox 840 1327 1037 1374; x_wconf 86' lang='lat' dir='ltr'>presens</span> <span class='ocrx_word' id='word_1_79' title='bbox 1075 1315 1192 1365; x_wconf 88' lang='lat' dir='ltr'>erat,</span> <span class='ocrx_word' id='word_1_80' title='bbox 1229 1325 1317 1372; x_wconf 88' lang='lat' dir='ltr'>pro</span> <span class='ocrx_word' id='word_1_81' title='bbox 1352 1309 1568 1373; x_wconf 87' lang='lat' dir='ltr'>homagio</span> <span class='ocrx_word' id='word_1_82' title='bbox 1601 1309 1797 1356; x_wconf 79' lang='lat' dir='ltr'>ducatus</span> 
     </span>
     <span class='ocr_line' id='line_1_13' title="bbox 392 1386 1797 1453; baseline -0.005 -15"><span class='ocrx_word' id='word_1_83' title='bbox 392 1390 635 1453; x_wconf 83' lang='lat' dir='ltr'>Aquitanie</span> <span class='ocrx_word' id='word_1_84' title='bbox 672 1387 931 1436; x_wconf 75' lang='lat' dir='ltr'>faciend01.</span> <span class='ocrx_word' id='word_1_85' title='bbox 969 1390 1177 1449; x_wconf 84' lang='lat' dir='ltr'>Cumque</span> <span class='ocrx_word' id='word_1_86' title='bbox 1211 1402 1295 1433; x_wconf 87' lang='lat' dir='ltr'>rex</span> <span class='ocrx_word' id='word_1_87' title='bbox 1333 1386 1494 1449; x_wconf 85' lang='lat' dir='ltr'>Anglie</span> <span class='ocrx_word' id='word_1_88' title='bbox 1531 1386 1708 1433; x_wconf 89' lang='lat' dir='ltr'>diceret</span> <span class='ocrx_word' id='word_1_89' title='bbox 1748 1403 1797 1433; x_wconf 88' lang='lat' dir='ltr'>se</span> 
     </span>
     <span class='ocr_line' id='line_1_14' title="bbox 393 1462 1794 1531; baseline -0.004 -17"><span class='ocrx_word' id='word_1_90' title='bbox 393 1484 561 1531; x_wconf 84' lang='lat' dir='ltr'>magna</span> <span class='ocrx_word' id='word_1_91' title='bbox 595 1471 727 1529; x_wconf 80' lang='lat' dir='ltr'>parte</span> <span class='ocrx_word' id='word_1_92' title='bbox 763 1465 884 1511; x_wconf 88' lang='lat' dir='ltr'>illius</span> <span class='ocrx_word' id='word_1_93' title='bbox 921 1470 1046 1510; x_wconf 88' lang='lat' dir='ltr'>terre</span> <span class='ocrx_word' id='word_1_94' title='bbox 1081 1479 1167 1526; x_wconf 86' lang='lat' dir='ltr'>per</span> <span class='ocrx_word' id='word_1_95' title='bbox 1203 1468 1385 1526; x_wconf 80' lang='lat' dir='ltr'>patrem</span> <span class='ocrx_word' id='word_1_96' title='bbox 1425 1462 1549 1526; x_wconf 86' lang='lat' dir='ltr'>regis</span> <span class='ocrx_word' id='word_1_97' title='bbox 1587 1462 1794 1517; x_wconf 76' lang='lat' dir='ltr'>Francie,</span> 
     </span>
     <span class='ocr_line' id='line_1_15' title="bbox 394 1538 1797 1602; baseline -0.004 -12"><span class='ocrx_word' id='word_1_98' title='bbox 394 1543 633 1591; x_wconf 88' lang='lat' dir='ltr'>dominum</span> <span class='ocrx_word' id='word_1_99' title='bbox 655 1541 872 1589; x_wconf 83' lang='lat' dir='ltr'>videlicet</span> <span class='ocrx_word' id='word_1_100' title='bbox 892 1541 1112 1587; x_wconf 82' lang='lat' dir='ltr'>Karolum</span> <span class='ocrx_word' id='word_1_101' title='bbox 1135 1538 1373 1602; x_wconf 86' lang='lat' dir='ltr'>quondam</span> <span class='ocrx_word' id='word_1_102' title='bbox 1394 1539 1613 1586; x_wconf 85' lang='lat' dir='ltr'>comitem</span> <span class='ocrx_word' id='word_1_103' title='bbox 1631 1538 1797 1587; x_wconf 80' lang='lat' dir='ltr'>Vaiesii</span> 
     </span>
     <span class='ocr_line' id='line_1_16' title="bbox 393 1615 1798 1684; baseline -0.004 -17"><span class='ocrx_word' id='word_1_104' title='bbox 393 1620 658 1684; x_wconf 83' lang='lat' dir='ltr'>spoliatum,</span> <span class='ocrx_word' id='word_1_105' title='bbox 683 1618 903 1681; x_wconf 87' lang='lat' dir='ltr'>quodque</span> <span class='ocrx_word' id='word_1_106' title='bbox 921 1618 968 1664; x_wconf 88' lang='lat' dir='ltr'>in</span> <span class='ocrx_word' id='word_1_107' title='bbox 989 1617 1058 1664; x_wconf 87' lang='lat' dir='ltr'>sui</span> <span class='ocrx_word' id='word_1_108' title='bbox 1080 1623 1126 1663; x_wconf 92' lang='lat' dir='ltr'>et</span> <span class='ocrx_word' id='word_1_109' title='bbox 1150 1616 1281 1680; x_wconf 89' lang='lat' dir='ltr'>regni</span> <span class='ocrx_word' id='word_1_110' title='bbox 1302 1615 1611 1679; x_wconf 88' lang='lat' dir='ltr'>prejudicium</span> <span class='ocrx_word' id='word_1_111' title='bbox 1637 1615 1798 1662; x_wconf 87' lang='lat' dir='ltr'>fuisset</span> 
     </span>
     <span class='ocr_line' id='line_1_17' title="bbox 393 1690 1796 1759; baseline -0.005 -16"><span class='ocrx_word' id='word_1_112' title='bbox 393 1697 545 1743; x_wconf 88' lang='lat' dir='ltr'>minus</span> <span class='ocrx_word' id='word_1_113' title='bbox 578 1695 702 1759; x_wconf 85' lang='lat' dir='ltr'>juste</span> <span class='ocrx_word' id='word_1_114' title='bbox 746 1694 803 1741; x_wconf 84' lang='lat' dir='ltr'>ad</span> <span class='ocrx_word' id='word_1_115' title='bbox 846 1709 1044 1757; x_wconf 89' lang='lat' dir='ltr'>regnum</span> <span class='ocrx_word' id='word_1_116' title='bbox 1083 1691 1272 1740; x_wconf 87' lang='lat' dir='ltr'>Francie</span> <span class='ocrx_word' id='word_1_117' title='bbox 1308 1690 1608 1754; x_wconf 81' lang='lat' dir='ltr'>applicatum,</span> <span class='ocrx_word' id='word_1_118' title='bbox 1652 1706 1796 1752; x_wconf 82' lang='lat' dir='ltr'>quare</span> 
     </span>
     <span class='ocr_line' id='line_1_18' title="bbox 393 1767 1796 1832; baseline -0.006 -12"><span class='ocrx_word' id='word_1_119' title='bbox 393 1773 575 1820; x_wconf 84' lang='lat' dir='ltr'>dicebat</span> <span class='ocrx_word' id='word_1_120' title='bbox 607 1788 655 1818; x_wconf 90' lang='lat' dir='ltr'>se</span> <span class='ocrx_word' id='word_1_121' title='bbox 682 1772 741 1818; x_wconf 86' lang='lat' dir='ltr'>ad</span> <span class='ocrx_word' id='word_1_122' title='bbox 775 1770 950 1817; x_wconf 89' lang='lat' dir='ltr'>dictum</span> <span class='ocrx_word' id='word_1_123' title='bbox 977 1769 1245 1832; x_wconf 80' lang='lat' dir='ltr'>homagium</span> <span class='ocrx_word' id='word_1_124' title='bbox 1280 1785 1371 1814; x_wconf 91' lang='lat' dir='ltr'>non</span> <span class='ocrx_word' id='word_1_125' title='bbox 1400 1768 1548 1814; x_wconf 88' lang='lat' dir='ltr'>teneri</span> <span class='ocrx_word' id='word_1_126' title='bbox 1581 1767 1667 1813; x_wconf 87' lang='lat' dir='ltr'>nisi</span> <span class='ocrx_word' id='word_1_127' title='bbox 1694 1767 1796 1829; x_wconf 86' lang='lat' dir='ltr'>ipso</span> 
     </span>
     <span class='ocr_line' id='line_1_19' title="bbox 392 1844 1796 1910; baseline -0.005 -14"><span class='ocrx_word' id='word_1_128' title='bbox 392 1849 450 1896; x_wconf 88' lang='lat' dir='ltr'>de</span> <span class='ocrx_word' id='word_1_129' title='bbox 478 1854 572 1896; x_wconf 89' lang='lat' dir='ltr'>tota</span> <span class='ocrx_word' id='word_1_130' title='bbox 598 1854 721 1895; x_wconf 86' lang='lat' dir='ltr'>terra</span> <span class='ocrx_word' id='word_1_131' title='bbox 744 1847 873 1910; x_wconf 87' lang='lat' dir='ltr'>prius</span> <span class='ocrx_word' id='word_1_132' title='bbox 897 1846 944 1892; x_wconf 91' lang='lat' dir='ltr'>in</span> <span class='ocrx_word' id='word_1_133' title='bbox 972 1845 1207 1909; x_wconf 86' lang='lat' dir='ltr'>integrum</span> <span class='ocrx_word' id='word_1_134' title='bbox 1230 1844 1493 1898; x_wconf 77' lang='lat' dir='ltr'>restituto2‚</span> <span class='ocrx_word' id='word_1_135' title='bbox 1518 1860 1796 1907; x_wconf 86' lang='lat' dir='ltr'>responsum</span> 
     </span>
     <span class='ocr_line' id='line_1_20' title="bbox 392 1921 1797 1987; baseline -0.004 -15"><span class='ocrx_word' id='word_1_136' title='bbox 392 1925 476 1972; x_wconf 87' lang='lat' dir='ltr'>fuit</span> <span class='ocrx_word' id='word_1_137' title='bbox 514 1924 639 1987; x_wconf 91' lang='lat' dir='ltr'>quod</span> <span class='ocrx_word' id='word_1_138' title='bbox 681 1929 813 1987; x_wconf 88' lang='lat' dir='ltr'>pater</span> <span class='ocrx_word' id='word_1_139' title='bbox 845 1923 990 1985; x_wconf 85' lang='lat' dir='ltr'>ipsius</span> <span class='ocrx_word' id='word_1_140' title='bbox 1023 1921 1269 1969; x_wconf 86' lang='lat' dir='ltr'>Eduardus</span> <span class='ocrx_word' id='word_1_141' title='bbox 1305 1937 1408 1969; x_wconf 89' lang='lat' dir='ltr'>eam</span> <span class='ocrx_word' id='word_1_142' title='bbox 1441 1921 1715 1967; x_wconf 88' lang='lat' dir='ltr'>forefecerat</span> <span class='ocrx_word' id='word_1_143' title='bbox 1752 1926 1797 1967; x_wconf 83' lang='lat' dir='ltr'>et</span> 
     </span>
     <span class='ocr_line' id='line_1_21' title="bbox 392 1997 1797 2065; baseline -0.004 -16"><span class='ocrx_word' id='word_1_144' title='bbox 392 2002 518 2065; x_wconf 84' lang='lat' dir='ltr'>quod</span> <span class='ocrx_word' id='word_1_145' title='bbox 555 2017 657 2049; x_wconf 88' lang='lat' dir='ltr'>eam</span> <span class='ocrx_word' id='word_1_146' title='bbox 688 2000 810 2064; x_wconf 88' lang='lat' dir='ltr'>juste</span> <span class='ocrx_word' id='word_1_147' title='bbox 850 1999 1128 2062; x_wconf 84' lang='lat' dir='ltr'>acquisierat</span> <span class='ocrx_word' id='word_1_148' title='bbox 1169 2014 1254 2061; x_wconf 91' lang='lat' dir='ltr'>per</span> <span class='ocrx_word' id='word_1_149' title='bbox 1293 1998 1536 2045; x_wconf 85' lang='lat' dir='ltr'>dominum</span> <span class='ocrx_word' id='word_1_150' title='bbox 1575 1997 1797 2045; x_wconf 83' lang='lat' dir='ltr'>Karolum</span> 
     </span>
    </p>
   </div>
   <div class='ocr_carea' id='block_1_5' title="bbox 390 2133 1797 2839">
    <p class='ocr_par' dir='ltr' id='par_1_6' title="bbox 390 2133 1797 2541">
     <span class='ocr_line' id='line_1_22' title="bbox 440 2133 1797 2191; baseline -0.004 -8"><span class='ocrx_word' id='word_1_151' title='bbox 440 2150 471 2184; x_wconf 79' lang='lat'>1.</span> <span class='ocrx_word' id='word_1_152' title='bbox 496 2148 550 2183; x_wconf 79' lang='lat' dir='ltr'>La</span> <span class='ocrx_word' id='word_1_153' title='bbox 578 2146 665 2183; x_wconf 81' lang='lat' dir='ltr'>date</span> <span class='ocrx_word' id='word_1_154' title='bbox 695 2146 845 2182; x_wconf 80' lang='lat' dir='ltr'>donnee</span> <span class='ocrx_word' id='word_1_155' title='bbox 872 2145 922 2182; x_wconf 87' lang='lat' dir='ltr'>ici</span> <span class='ocrx_word' id='word_1_156' title='bbox 951 2150 1009 2181; x_wconf 88' lang='lat' dir='ltr'>est</span> <span class='ocrx_word' id='word_1_157' title='bbox 1038 2145 1072 2180; x_wconf 89' lang='lat' dir='ltr'>le</span> <span class='ocrx_word' id='word_1_158' title='bbox 1102 2145 1146 2181; x_wconf 70' lang='lat'>25</span> <span class='ocrx_word' id='word_1_159' title='bbox 1172 2145 1278 2191; x_wconf 85' lang='lat' dir='ltr'>juin;</span> <span class='ocrx_word' id='word_1_160' title='bbox 1302 2155 1351 2179; x_wconf 83' lang='lat' dir='ltr'>en</span> <span class='ocrx_word' id='word_1_161' title='bbox 1373 2143 1521 2187; x_wconf 75' lang='lat' dir='ltr'>realite,</span> <span class='ocrx_word' id='word_1_162' title='bbox 1542 2133 1717 2178; x_wconf 78' lang='lat' dir='ltr'>Edouard</span> <span class='ocrx_word' id='word_1_163' title='bbox 1739 2142 1797 2178; x_wconf 85' lang='lat' dir='ltr'>III</span> 
     </span>
     <span class='ocr_line' id='line_1_23' title="bbox 390 2202 1796 2255; baseline -0.005 -13"><span class='ocrx_word' id='word_1_164' title='bbox 390 2208 500 2255; x_wconf 79' lang='lat' dir='ltr'>preta</span> <span class='ocrx_word' id='word_1_165' title='bbox 519 2207 724 2252; x_wconf 79' lang='lat' dir='ltr'>hommage</span> <span class='ocrx_word' id='word_1_166' title='bbox 745 2205 779 2240; x_wconf 98' lang='grc'>10</span> <span class='ocrx_word' id='word_1_167' title='bbox 800 2205 820 2240; x_wconf 89' lang='grc'>6</span> <span class='ocrx_word' id='word_1_168' title='bbox 839 2204 936 2252; x_wconf 88' lang='lat' dir='ltr'>juin.</span> <span class='ocrx_word' id='word_1_169' title='bbox 960 2204 1071 2240; x_wconf 87' lang='lat' dir='ltr'>Voici</span> <span class='ocrx_word' id='word_1_170' title='bbox 1092 2204 1299 2247; x_wconf 77' lang='lat' dir='ltr'>d’ailleurs,</span> <span class='ocrx_word' id='word_1_171' title='bbox 1321 2202 1469 2249; x_wconf 82' lang='lat' dir='ltr'>d&#39;apres</span> <span class='ocrx_word' id='word_1_172' title='bbox 1491 2202 1545 2237; x_wconf 86' lang='lat' dir='ltr'>les</span> <span class='ocrx_word' id='word_1_173' title='bbox 1566 2203 1678 2246; x_wconf 71' lang='lat' dir='ltr'>Privy</span> <span class='ocrx_word' id='word_1_174' title='bbox 1704 2203 1796 2236; x_wconf 65' lang='lat' dir='ltr'>seals</span> 
     </span>
     <span class='ocr_line' id='line_1_24' title="bbox 390 2258 1795 2309; baseline -0.004 -9"><span class='ocrx_word' id='word_1_175' title='bbox 390 2258 602 2301; x_wconf 74' lang='lat' dir='ltr'>(I’Edouard</span> <span class='ocrx_word' id='word_1_176' title='bbox 622 2264 692 2309; x_wconf 77' lang='grc' dir='ltr'>ΙΙΙ,</span> <span class='ocrx_word' id='word_1_177' title='bbox 710 2264 916 2300; x_wconf 70' lang='lat' dir='ltr'>conserves</span> <span class='ocrx_word' id='word_1_178' title='bbox 940 2274 987 2298; x_wconf 77' lang='lat' dir='ltr'>au</span> <span class='ocrx_word' id='word_1_179' title='bbox 1008 2264 1142 2299; x_wconf 78' lang='lat' dir='ltr'>Record</span> <span class='ocrx_word' id='word_1_180' title='bbox 1163 2264 1270 2306; x_wconf 73' lang='lat' dir='ltr'>office,</span> <span class='ocrx_word' id='word_1_181' title='bbox 1289 2261 1513 2297; x_wconf 81' lang='lat' dir='ltr'>l&#39;itine&#39;raire</span> <span class='ocrx_word' id='word_1_182' title='bbox 1533 2260 1578 2296; x_wconf 89' lang='lat' dir='ltr'>de</span> <span class='ocrx_word' id='word_1_183' title='bbox 1600 2270 1642 2296; x_wconf 90' lang='lat' dir='ltr'>ce</span> <span class='ocrx_word' id='word_1_184' title='bbox 1662 2260 1795 2306; x_wconf 84' lang='lat' dir='ltr'>prince</span> 
     </span>
     <span class='ocr_line' id='line_1_25' title="bbox 390 2318 1794 2371; baseline -0.005 -12"><span class='ocrx_word' id='word_1_185' title='bbox 390 2323 560 2371; x_wconf 80' lang='lat' dir='ltr'>pendant</span> <span class='ocrx_word' id='word_1_186' title='bbox 581 2334 650 2359; x_wconf 88' lang='lat' dir='ltr'>son</span> <span class='ocrx_word' id='word_1_187' title='bbox 672 2322 799 2370; x_wconf 90' lang='lat' dir='ltr'>se&#39;jour</span> <span class='ocrx_word' id='word_1_188' title='bbox 819 2333 867 2357; x_wconf 89' lang='lat' dir='ltr'>en</span> <span class='ocrx_word' id='word_1_189' title='bbox 888 2322 1037 2357; x_wconf 79' lang='lat' dir='ltr'>France</span> <span class='ocrx_word' id='word_1_190' title='bbox 1059 2334 1065 2356; x_wconf 93' lang='lat'>:</span> <span class='ocrx_word' id='word_1_191' title='bbox 1091 2322 1123 2357; x_wconf 89' lang='grc'>10</span> <span class='ocrx_word' id='word_1_192' title='bbox 1145 2322 1189 2357; x_wconf 72' lang='lat'>‘35</span> <span class='ocrx_word' id='word_1_193' title='bbox 1212 2320 1303 2356; x_wconf 76' lang='lat' dir='ltr'>mai.</span> <span class='ocrx_word' id='word_1_194' title='bbox 1320 2320 1347 2355; x_wconf 80' lang='lat' dir='ltr'>il</span> <span class='ocrx_word' id='word_1_195' title='bbox 1369 2326 1425 2355; x_wconf 86' lang='lat' dir='ltr'>est</span> <span class='ocrx_word' id='word_1_196' title='bbox 1446 2319 1467 2354; x_wconf 75' lang='lat' dir='ltr'>a</span> <span class='ocrx_word' id='word_1_197' title='bbox 1490 2319 1680 2364; x_wconf 77' lang='lat' dir='ltr'>Douvres,</span> <span class='ocrx_word' id='word_1_198' title='bbox 1697 2319 1730 2353; x_wconf 91' lang='grc'>10</span> <span class='ocrx_word' id='word_1_199' title='bbox 1751 2318 1794 2353; x_wconf 67' lang='lat'>‘27</span> 
     </span>
     <span class='ocr_line' id='line_1_26' title="bbox 391 2376 1794 2428; baseline -0.004 -10"><span class='ocrx_word' id='word_1_200' title='bbox 391 2384 414 2418; x_wconf 68' lang='lat' dir='ltr'>a</span> <span class='ocrx_word' id='word_1_201' title='bbox 443 2383 657 2428; x_wconf 83' lang='lat' dir='ltr'>Boulogne,</span> <span class='ocrx_word' id='word_1_202' title='bbox 679 2382 713 2416; x_wconf 94' lang='grc'>10</span> <span class='ocrx_word' id='word_1_203' title='bbox 743 2382 787 2417; x_wconf 68' lang='lat'>29</span> <span class='ocrx_word' id='word_1_204' title='bbox 819 2386 856 2416; x_wconf 85' lang='lat' dir='ltr'>et</span> <span class='ocrx_word' id='word_1_205' title='bbox 885 2381 919 2417; x_wconf 88' lang='lat' dir='ltr'>le</span> <span class='ocrx_word' id='word_1_206' title='bbox 947 2380 990 2416; x_wconf 88' lang='lat'>30</span> <span class='ocrx_word' id='word_1_207' title='bbox 1012 2380 1033 2415; x_wconf 71' lang='grc' dir='ltr'>ἐι</span> <span class='ocrx_word' id='word_1_208' title='bbox 1054 2379 1273 2425; x_wconf 84' lang='lat' dir='ltr'>Montreuil‚</span> <span class='ocrx_word' id='word_1_209' title='bbox 1299 2380 1332 2415; x_wconf 86' lang='lat' dir='ltr'>le</span> <span class='ocrx_word' id='word_1_210' title='bbox 1359 2380 1378 2414; x_wconf 83' lang='lat'>5</span> <span class='ocrx_word' id='word_1_211' title='bbox 1405 2378 1488 2424; x_wconf 88' lang='lat' dir='ltr'>juin</span> <span class='ocrx_word' id='word_1_212' title='bbox 1511 2377 1532 2412; x_wconf 73' lang='grc' dir='ltr'>ἐι</span> <span class='ocrx_word' id='word_1_213' title='bbox 1553 2376 1736 2419; x_wconf 81' lang='lat' dir='ltr'>Amiens3</span> <span class='ocrx_word' id='word_1_214' title='bbox 1760 2378 1794 2412; x_wconf 86' lang='grc'>10</span> 
     </span>
     <span class='ocr_line' id='line_1_27' title="bbox 392 2436 1791 2488; baseline -0.004 -11"><span class='ocrx_word' id='word_1_215' title='bbox 392 2442 434 2478; x_wconf 81' lang='grc'>13</span> <span class='ocrx_word' id='word_1_216' title='bbox 453 2441 552 2488; x_wconf 85' lang='lat' dir='ltr'>juin,</span> <span class='ocrx_word' id='word_1_217' title='bbox 567 2441 594 2476; x_wconf 83' lang='lat' dir='ltr'>il</span> <span class='ocrx_word' id='word_1_218' title='bbox 615 2446 673 2477; x_wconf 84' lang='lat' dir='ltr'>est</span> <span class='ocrx_word' id='word_1_219' title='bbox 694 2440 739 2476; x_wconf 87' lang='lat' dir='ltr'>de</span> <span class='ocrx_word' id='word_1_220' title='bbox 762 2444 892 2475; x_wconf 82' lang='lat' dir='ltr'>retour</span> <span class='ocrx_word' id='word_1_221' title='bbox 907 2439 928 2474; x_wconf 65' lang='grc' dir='ltr'>ἡ</span> <span class='ocrx_word' id='word_1_222' title='bbox 943 2439 1118 2475; x_wconf 75' lang='lat' dir='ltr'>Douvres</span> <span class='ocrx_word' id='word_1_223' title='bbox 1138 2439 1244 2486; x_wconf 86' lang='lat' dir='ltr'>(Rec.</span> <span class='ocrx_word' id='word_1_224' title='bbox 1264 2438 1341 2484; x_wconf 66' lang='lat' dir='ltr'>off,</span> <span class='ocrx_word' id='word_1_225' title='bbox 1356 2437 1462 2473; x_wconf 83' lang='lat' dir='ltr'>Edw.</span> <span class='ocrx_word' id='word_1_226' title='bbox 1480 2436 1537 2472; x_wconf 85' lang='grc' dir='ltr'>ΙΙΙ</span> <span class='ocrx_word' id='word_1_227' title='bbox 1556 2438 1667 2481; x_wconf 72' lang='lat' dir='ltr'>Prcvy</span> <span class='ocrx_word' id='word_1_228' title='bbox 1688 2438 1791 2479; x_wconf 77' lang='lat' dir='ltr'>seals,</span> 
     </span>
     <span class='ocr_line' id='line_1_28' title="bbox 392 2499 624 2541; baseline -0.004 -5"><span class='ocrx_word' id='word_1_229' title='bbox 392 2499 624 2541; x_wconf 62' lang='lat' dir='ltr'>‘zoes-2678).</span> 
     </span>
    </p>

    <p class='ocr_par' dir='ltr' id='par_1_7' title="bbox 392 2548 1794 2839">
     <span class='ocr_line' id='line_1_29' title="bbox 439 2548 1794 2603; baseline -0.004 -9"><span class='ocrx_word' id='word_1_230' title='bbox 439 2560 474 2595; x_wconf 75' lang='lat'>72.</span> <span class='ocrx_word' id='word_1_231' title='bbox 497 2559 574 2594; x_wconf 78' lang='lat' dir='ltr'>Des</span> <span class='ocrx_word' id='word_1_232' title='bbox 596 2559 628 2593; x_wconf 87' lang='lat' dir='ltr'>le</span> <span class='ocrx_word' id='word_1_233' title='bbox 649 2558 693 2594; x_wconf 71' lang='lat'>22</span> <span class='ocrx_word' id='word_1_234' title='bbox 715 2557 811 2593; x_wconf 82' lang='lat' dir='ltr'>avril</span> <span class='ocrx_word' id='word_1_235' title='bbox 832 2557 936 2603; x_wconf 70' lang='lat'>4320,</span> <span class='ocrx_word' id='word_1_236' title='bbox 958 2548 1133 2592; x_wconf 73' lang='lat' dir='ltr'>Edon-ard</span> <span class='ocrx_word' id='word_1_237' title='bbox 1155 2556 1213 2592; x_wconf 89' lang='lat' dir='ltr'>III</span> <span class='ocrx_word' id='word_1_238' title='bbox 1234 2555 1406 2591; x_wconf 74' lang='lat' dir='ltr'>manduit</span> <span class='ocrx_word' id='word_1_239' title='bbox 1421 2555 1443 2590; x_wconf 66' lang='lat' dir='ltr'>a</span> <span class='ocrx_word' id='word_1_240' title='bbox 1465 2566 1534 2591; x_wconf 84' lang='lat' dir='ltr'>son</span> <span class='ocrx_word' id='word_1_241' title='bbox 1556 2554 1738 2590; x_wconf 75' lang='lat' dir='ltr'>tresorier</span> <span class='ocrx_word' id='word_1_242' title='bbox 1758 2558 1794 2589; x_wconf 87' lang='lat' dir='ltr'>et</span> 
     </span>
     <span class='ocr_line' id='line_1_30' title="bbox 394 2613 1794 2665; baseline -0.004 -12"><span class='ocrx_word' id='word_1_243' title='bbox 394 2630 441 2653; x_wconf 77' lang='lat' dir='ltr'>au</span> <span class='ocrx_word' id='word_1_244' title='bbox 464 2617 577 2665; x_wconf 79' lang='lat' dir='ltr'>garde</span> <span class='ocrx_word' id='word_1_245' title='bbox 598 2617 647 2652; x_wconf 85' lang='lat' dir='ltr'>du</span> <span class='ocrx_word' id='word_1_246' title='bbox 669 2628 785 2652; x_wconf 82' lang='lat' dir='ltr'>sceau</span> <span class='ocrx_word' id='word_1_247' title='bbox 805 2616 911 2662; x_wconf 71' lang='lat' dir='ltr'>prive</span> <span class='ocrx_word' id='word_1_248' title='bbox 932 2616 977 2651; x_wconf 84' lang='lat' dir='ltr'>de</span> <span class='ocrx_word' id='word_1_249' title='bbox 998 2617 1228 2653; x_wconf 85' lang='lat' dir='ltr'>rechercher</span> <span class='ocrx_word' id='word_1_250' title='bbox 1251 2615 1345 2650; x_wconf 78' lang='lat' dir='ltr'>dans</span> <span class='ocrx_word' id='word_1_251' title='bbox 1362 2615 1415 2651; x_wconf 81' lang='lat' dir='ltr'>les</span> <span class='ocrx_word' id='word_1_252' title='bbox 1431 2614 1606 2650; x_wconf 74' lang='lat' dir='ltr'>urchives</span> <span class='ocrx_word' id='word_1_253' title='bbox 1627 2613 1794 2648; x_wconf 59' lang='lat' dir='ltr'>confides</span> 
     </span>
     <span class='ocr_line' id='line_1_31' title="bbox 393 2670 1794 2722; baseline -0.005 -10"><span class='ocrx_word' id='word_1_254' title='bbox 393 2678 415 2712; x_wconf 74' lang='grc' dir='ltr'>ἐι</span> <span class='ocrx_word' id='word_1_255' title='bbox 431 2677 513 2712; x_wconf 79' lang='lat' dir='ltr'>leur</span> <span class='ocrx_word' id='word_1_256' title='bbox 527 2675 639 2722; x_wconf 82' lang='lat' dir='ltr'>garde</span> <span class='ocrx_word' id='word_1_257' title='bbox 656 2681 740 2711; x_wconf 83' lang='lat' dir='ltr'>tous</span> <span class='ocrx_word' id='word_1_258' title='bbox 756 2675 810 2710; x_wconf 89' lang='lat' dir='ltr'>les</span> <span class='ocrx_word' id='word_1_259' title='bbox 825 2675 1053 2711; x_wconf 84' lang='lat' dir='ltr'>documents</span> <span class='ocrx_word' id='word_1_260' title='bbox 1069 2675 1133 2721; x_wconf 86' lang='lat' dir='ltr'>qui</span> <span class='ocrx_word' id='word_1_261' title='bbox 1152 2673 1376 2721; x_wconf 81' lang='lat' dir='ltr'>pourraient</span> <span class='ocrx_word' id='word_1_262' title='bbox 1392 2673 1514 2709; x_wconf 82' lang='lat' dir='ltr'>servir</span> <span class='ocrx_word' id='word_1_263' title='bbox 1528 2684 1549 2707; x_wconf 81' lang='lat' dir='ltr'>a</span> <span class='ocrx_word' id='word_1_264' title='bbox 1565 2672 1658 2707; x_wconf 76' lang='lat' dir='ltr'>faire</span> <span class='ocrx_word' id='word_1_265' title='bbox 1674 2670 1794 2708; x_wconf 72' lang='lat' dir='ltr'>vuloir</span> 
     </span>
     <span class='ocr_line' id='line_1_32' title="bbox 392 2730 1791 2781; baseline -0.004 -11"><span class='ocrx_word' id='word_1_266' title='bbox 392 2746 452 2770; x_wconf 83' lang='lat' dir='ltr'>ses</span> <span class='ocrx_word' id='word_1_267' title='bbox 468 2734 704 2781; x_wconf 79' lang='lat' dir='ltr'>pretentions</span> <span class='ocrx_word' id='word_1_268' title='bbox 721 2733 742 2768; x_wconf 63' lang='lat' dir='ltr'>a</span> <span class='ocrx_word' id='word_1_269' title='bbox 755 2733 790 2768; x_wconf 78' lang='lat' dir='ltr'>la</span> <span class='ocrx_word' id='word_1_270' title='bbox 805 2732 1043 2769; x_wconf 69' lang='lat' dir='ltr'>suzerainetc&#39;¹</span> <span class='ocrx_word' id='word_1_271' title='bbox 1059 2733 1103 2768; x_wconf 85' lang='lat' dir='ltr'>de</span> <span class='ocrx_word' id='word_1_272' title='bbox 1118 2733 1308 2769; x_wconf 81' lang='lat' dir='ltr'>certaines</span> <span class='ocrx_word' id='word_1_273' title='bbox 1324 2731 1464 2778; x_wconf 80' lang='lat' dir='ltr'>parties</span> <span class='ocrx_word' id='word_1_274' title='bbox 1480 2730 1523 2767; x_wconf 88' lang='lat' dir='ltr'>de</span> <span class='ocrx_word' id='word_1_275' title='bbox 1541 2731 1575 2766; x_wconf 74' lang='lat' dir='ltr'>la</span> <span class='ocrx_word' id='word_1_276' title='bbox 1591 2731 1791 2777; x_wconf 73' lang='lat' dir='ltr'>Gascogne</span> 
     </span>
     <span class='ocr_line' id='line_1_33' title="bbox 395 2791 1364 2839; baseline 0.001 -14"><span class='ocrx_word' id='word_1_277' title='bbox 395 2799 432 2828; x_wconf 78' lang='lat' dir='ltr'>ot</span> <span class='ocrx_word' id='word_1_278' title='bbox 452 2793 496 2827; x_wconf 80' lang='lat' dir='ltr'>de</span> <span class='ocrx_word' id='word_1_279' title='bbox 519 2793 554 2828; x_wconf 75' lang='lat' dir='ltr'>la</span> <span class='ocrx_word' id='word_1_280' title='bbox 575 2792 787 2838; x_wconf 73' lang='lat' dir='ltr'>Saintonge</span> <span class='ocrx_word' id='word_1_281' title='bbox 807 2791 984 2838; x_wconf 70' lang='lat' dir='ltr'>(Rymer,</span> <span class='ocrx_word' id='word_1_282' title='bbox 1008 2792 1054 2828; x_wconf 81' lang='lat' dir='ltr'>R.</span> <span class='ocrx_word' id='word_1_283' title='bbox 1078 2792 1127 2838; x_wconf 86' lang='lat' dir='ltr'>II,</span> <span class='ocrx_word' id='word_1_284' title='bbox 1150 2804 1184 2839; x_wconf 81' lang='lat' dir='ltr'>p.</span> <span class='ocrx_word' id='word_1_285' title='bbox 1209 2803 1248 2838; x_wconf 75' lang='lat' dir='ltr'>n,</span> <span class='ocrx_word' id='word_1_286' title='bbox 1270 2791 1364 2837; x_wconf 65' lang='lat'><strong>760).</strong></span> 
     </span>
    </p>
   </div>
  </div>
 </body>
</html>
