2060 3345
405 349 446 384 82
637 354 840 386 RICHARDI
869 353 995 386 SCOTI
1022 354 1228 388 CHRONICI
1256 356 1563 391 CONTINUATIO.
1692 355 1795 402 [1348

400 433 600 496 Anglicis
642 438 948 494 temptaverat
988 433 1174 481 tradere
1218 435 1449 483 civitatem
1465 474 1476 493 ‚
1520 436 1605 483 fuit
1644 443 1795 483 morte

399 508 665 571 turpissima
692 508 1107 572 condempnatus&

465 586 573 630 185.
596 611 660 619 -
680 584 873 641 Quidam
900 585 1038 632 etiam
1065 586 1333 635 parisiensis
1358 587 1587 635 aurifaber
1612 588 1691 650 qui
1711 587 1795 634 vil-

396 658 485 705 lam
512 658 710 720 perdere
736 659 964 716 voluerat,
999 661 1120 726 [fuit]
1149 665 1451 726 suspensu52.

461 736 570 781 186.
605 763 669 770 -
699 735 933 798 Oppidum
968 737 1144 785 dictum
1176 739 1233 786 de
1264 740 1512 796 Bemour3‚
1543 738 1669 802 quod
1695 745 1795 786 erat

394 810 568 857 domini
589 811 807 859 Johannis
834 813 892 860 de
909 814 1097 871 Vervin‚
1122 821 1310 878 captum
1337 816 1421 863 fuit
1440 822 1486 863 et
1505 816 1795 863 destructum

393 893 438 933 et
469 887 513 933 in
547 887 900 936 detestationem
936 890 1213 953 proditionis
1245 892 1437 948 domini,
1474 908 1532 939 ex
1564 892 1793 956 lapidibus

392 963 501 1010 dicti
528 964 664 1033 castri
692 981 938 1013 commune
964 967 1223 1030 patibulum
1248 974 1567 1016 constructum
1594 973 1680 1015 est.

458 1042 550 1086 187
558 1078 567 1087 .
612 1069 674 1076 -
715 1042 850 1104 Apud
891 1047 1120 1106 Luperam
1138 1082 1149 1100 ‚
1190 1044 1310 1092 filius
1352 1044 1483 1092 ducis
1520 1044 1788 1101 Brebancie,

391 1116 691 1175 Godefridus‚
727 1118 868 1165 filiam
900 1119 1031 1167 ducis
1060 1120 1374 1168 Borbonensis
1410 1137 1607 1168 uxorem
1638 1120 1788 1178 duxit,

391 1199 437 1238 et
473 1193 722 1251 Henricus,
762 1194 877 1242 alius
915 1194 1035 1242 filius
1077 1196 1174 1259 ejus
1212 1196 1387 1259 junior,
1427 1196 1568 1243 filiam
1614 1195 1790 1243 domini

389 1269 625 1326 Iohannis,
656 1270 786 1318 ducis
812 1272 1108 1327 Normannie,
1137 1272 1438 1336 desponsavit
1451 1274 1486 1319 4.

458 1348 566 1393 188.
584 1375 648 1382 -
664 1348 857 1395 Domina
876 1348 1099 1405 Johanna‚
1121 1348 1303 1396 ducissa
1322 1348 1606 1412 Burgundie,
1629 1348 1787 1396 obiit5.

456 1425 567 1470 189.
601 1452 664 1458 -
696 1427 874 1488 Treuge
909 1424 1030 1472 inter
1061 1441 1197 1488 reges
1233 1425 1423 1472 Francie
1457 1430 1503 1472 et
1533 1425 1710 1489 Anglie‚
1746 1432 1791 1472 et

389 1498 526 1545 etiam
553 1516 659 1546 cum
686 1500 919 1564 Flamigis,
949 1502 1343 1564 componunturss.

456 1577 565 1622 190.
589 1604 652 1611 -
669 1577 892 1624 Dominus
912 1578 1124 1631 Karolus,
1150 1594 1234 1625 rex
1259 1577 1496 1634 Bohemie,
1522 1578 1642 1625 filius
1666 1576 1791 1641 regis

387 1652 573 1699 Boemie
593 1652 672 1715 qui
695 1653 815 1700 bello
836 1653 1141 1701 Creciascensi
1168 1654 1347 1701 occisus
1374 1653 1541 1709 fuerat,
1569 1653 1615 1700 in
1642 1653 1791 1716 impe-

387 1735 592 1776 ratorem
618 1735 689 1777 est
713 1730 902 1786 electus,
927 1735 973 1777 et
994 1730 1296 1793 postmodum
1315 1747 1340 1777 a
1360 1732 1550 1777 Summo
1570 1730 1789 1776 Pontifice

388 1811 652 1854 coronatus.

893 1875 934 1919 M
959 1873 1060 1920 CCC
1086 1875 1277 1921 XLVIII.

454 1968 563 2013 191.
609 1994 673 2002 —
716 1966 781 2013 De
822 1966 987 2029 Mayna
1032 1966 1275 2029 epydimia.
1322 1992 1384 2000 —-
1429 1966 1562 2012 Anno
1606 1964 1787 2012 Domini

435 2090 466 2124 1.
491 2089 566 2125 Sur
580 2090 616 2125 la
630 2089 803 2126 trahison
824 2089 869 2125 de
890 2089 1069 2126 Gauvain
1091 2089 1136 2125 de
1158 2089 1375 2125 Bellemont
1396 2094 1434 2124 et
1455 2100 1520 2124 sur
1541 2099 1601 2124 ses
1616 2094 1787 2135 rapports

387 2159 479 2184 avec
509 2148 608 2184 Jean
639 2148 684 2184 de
711 2149 892 2193 Vervins‚
923 2148 1015 2184 dont
1048 2154 1159 2184 notre
1191 2152 1330 2183 auteur
1360 2147 1464 2194 parle
1496 2147 1580 2194 plus
1614 2147 1706 2192 Ioin,
1737 2146 1784 2182 cf.

385 2206 432 2242 H.
457 2206 697 2252 Moranville,
721 2210 758 2243 [a
782 2209 961 2242 Trahison
981 2208 1022 2242 de
1039 2208 1132 2243 ,Jean
1152 2208 1193 2242 de
1218 2207 1363 2242 Vervins
1386 2207 1488 2252 (Bibl.
1511 2207 1552 2241 de
1574 2197 1700 2242 L'Ecole
1729 2207 1788 2240 des

386 2266 537 2307 charbem,
562 2267 685 2301 annee
709 2266 811 2311 1892,
837 2277 873 2312 p.
895 2266 992 2307 606).

431 2324 466 2360 2.
489 2324 544 2360 Cf.
568 2326 728 2361 Grandes
751 2325 987 2369 Chroniques,
1012 2330 1040 2360 t.
1064 2324 1115 2371 V,
1136 2335 1173 2371 p.
1197 2323 1280 2359 470.

433 2383 466 2418 3.
492 2396 506 2415 <1
543 2383 594 2418 Le
628 2383 774 2418 chastel
806 2383 850 2418 de
885 2383 1102 2419 Beaumont
1134 2396 1150 2416 »
1185 2383 1364 2427 (Grandes
1397 2382 1637 2426 Chroniques,
1674 2386 1701 2417 t.
1740 2381 1785 2428 V,

384 2453 419 2487 p.
444 2442 539 2483 470).
563 2442 620 2477 En
642 2442 789 2487 realite,
812 2453 958 2478 comme
980 2442 1028 2477 l'a
1048 2442 1198 2477 montre
1219 2441 1269 2476 M.
1295 2440 1536 2487 Moranville,
1558 2440 1585 2475 il
1607 2440 1716 2487 s’agit
1741 2439 1786 2475 de

387 2500 574 2536 Bosmont
597 2501 746 2546 (Aisne,
769 2512 842 2536 arr.
866 2503 910 2536 de
932 2502 1051 2547 Laon,
1074 2506 1177 2536 cant.
1202 2500 1246 2536 de
1267 2500 1411 2542 Marte).

432 2559 465 2593 4.
490 2560 563 2595 Les
593 2560 752 2596 Grandes
774 2561 997 2605 Clm’om'ques
1018 2560 1169 2606 placent
1191 2570 1254 2595 ces
1274 2558 1373 2594 deux
1395 2558 1585 2605 mariages
1605 2558 1639 2593 le
1660 2559 1785 2594 meme

382 2617 482 2664 jour,
504 2618 544 2654 21
565 2618 651 2664 juin
675 2619 762 2655 1347
787 2621 825 2663 (t.
852 2618 898 2664 V,
922 2631 957 2665 p.
980 2619 1076 2663 471).

433 2678 463 2713 5.
488 2676 647 2723 D'apres
669 2678 723 2713 les
744 2677 903 2713 Grandes
927 2679 1161 2722 Chroniques,
1187 2681 1286 2713 cette
1306 2681 1405 2712 mort
1426 2682 1490 2712 eut
1511 2675 1590 2711 lieu
1615 2687 1663 2711 au
1685 2674 1782 2711 mois

386 2734 512 2771 d’aout
535 2735 638 2782 1347,
659 2736 754 2771 dans
775 2736 934 2772 l'octave
954 2736 998 2772 de
1020 2735 1297 2782 l’Assomption
1320 2735 1357 2781 (t.
1380 2734 1431 2780 V,
1453 2746 1487 2780 p.
1511 2735 1606 2781 485).

433 2794 467 2831 G.
490 2794 560 2830 Les
581 2796 706 2831 treves
726 2801 834 2832 entre
855 2795 891 2831 la
905 2795 1052 2831 France
1071 2800 1106 2832 et
1127 2795 1379 2842 I'Angleterre
1401 2793 1526 2829 furent
1548 2793 1730 2830 conclues
1749 2792 1785 2830 le

389 2852 431 2888 28
454 2853 666 2899 septembre
688 2854 791 2890 1347.
